2740 3755
1359 338 1383 375 5

136 471 306 511 vivium
339 476 544 523 paratum
576 469 797 509 alacribus
830 468 987 508 animis
1018 469 1062 508 in
1094 469 1389 521 convivioque
1429 476 1474 509 et
1513 469 1620 510 iocis
1660 476 1706 510 et
1749 471 1952 511 versibus
1991 484 2116 512 more
2152 472 2283 512 solito
2314 473 2593 514 celebrarent

134 542 381 588 victoriam,
423 554 558 593 quam
599 553 766 592 pompa
810 538 1122 591 sacrificiisque
1164 546 1208 578 et
1245 539 1440 578 carmine
1478 539 1566 579 iam
1608 539 1778 580 affatim
1819 541 2133 581 celebrassent.
2213 541 2424 594 Quisquis
2456 544 2590 582 rebus

134 612 278 666 gestis
310 624 399 651 non
431 611 566 650 modo
599 610 788 663 gloriam
822 610 902 649 sed
932 609 1069 649 etiam
1102 622 1210 660 opes
1241 607 1324 648 sibi
1355 615 1567 659 parasset,
1599 623 1703 649 eum
1729 610 1817 649 iarn
1835 611 1926 650 otio
1958 624 2010 651 ac
2031 611 2168 663 quieti
2190 625 2241 651 se
2272 613 2435 651 dedere
2456 612 2591 652 licere

133 680 221 733 (vs.
254 683 425 731 46—48
461 678 746 730 συμπόσιον);
779 678 977 732 quisquis
1008 685 1160 718 autem
1191 679 1235 718 in
1266 679 1381 718 ludis
1412 679 1601 726 vicisset,
1634 693 1737 719 eum
1768 693 1859 720 non
1890 682 2026 720 modo
2057 694 2224 732 pompa
2263 688 2310 721 et
2346 680 2585 728 sacrificiis,

137 749 271 803 (quae
303 750 438 789 modo
470 755 573 788 sunt
604 749 812 801 peracta),
845 750 926 788 sed
957 748 1091 787 etiam
1118 748 1324 794 carmine,
1358 746 1496 801 (quod
1527 756 1624 789 tum
1646 750 1791 802 ipsum
1818 751 2133 804 peragebatur)
2164 751 2362 804 itemque
2384 751 2591 791 convivio

132 821 268 867 laeto,
291 821 411 873 quod
436 819 525 860 iam
552 826 670 859 esset
690 818 1000 870 incipiendum,
1030 819 1244 858 celebrari
1265 820 1434 858 decere.
1487 818 1678 858 Carmen
1701 825 1746 859 et
1772 820 2027 860 convivium
2049 821 2111 860 ita
2138 834 2236 861 esse
2262 821 2590 874 coniungenda,

137 897 187 930 ut
209 890 359 930 cantui
382 895 515 943 potus
543 895 587 928 et
608 888 733 940 potui
756 895 914 927 cantus
935 889 1207 928 succederet.
1253 888 1425 927 Vocem
1454 889 1650 928 carmine
1674 895 1853 929 cantato
1874 889 2112 943 fatigatam
2136 891 2283 930 denuo
2305 889 2591 930 reficiendam

133 974 236 1001 esse
266 961 381 1000 inter
410 959 585 1011 pocula,
618 964 668 997 ut
689 972 841 998 rursus
874 965 919 998 et
943 959 1091 998 verbis
1123 958 1280 998 solutis
1306 964 1351 997 et
1382 958 1585 998 versibus
1617 958 1774 998 subitis
1800 959 2157 1012 iocularibusque
2187 960 2403 999 victorem
2434 968 2589 1012 posset

135 1031 319 1070 laudare
351 1034 397 1068 et
429 1028 666 1070 celebrare.
751 1028 909 1081 Itaque
942 1028 1092 1067 verbis
1124 1028 1191 1075 iis,
1236 1029 1293 1067 ad
1333 1041 1448 1080 quae
1480 1027 1685 1068 Schmidt
1725 1029 2003 1080 provocavit,
2049 1030 2135 1068 hoc
2172 1035 2348 1069 tantum
2387 1029 2592 1074 efficitur,

132 1087 426 1129 sollemnibus
458 1086 615 1126 ceteris
647 1087 836 1138 peractis
869 1087 1003 1127 etiarn
1040 1087 1295 1126 convivium
1329 1100 1437 1126 mox
1470 1100 1568 1126 esse
1599 1089 1956 1127 subsecuturum.

280 1156 439 1197 Cetera
480 1155 714 1197 Schmidtii
755 1164 1025 1211 argumenta
1064 1171 1153 1197 non
1195 1157 1340 1196 minus
1381 1157 1550 1196 caduca
1589 1164 1695 1196 sunt
1734 1170 1870 1209 quam
1911 1171 2027 1209 quae
2066 1156 2370 1197 refutavimus.
2431 1157 2587 1197 Verba

131 1226 254 1266 enim
286 1225 466 1278 γλυκύν
507 1225 669 1276 κώμου
708 1225 962 1276 προφάταν
1005 1240 1213 1273 „suavem
1255 1239 1448 1278 pompae
1485 1227 1823 1278 praenuntium“
1860 1226 2114 1280 significent
2153 1241 2245 1266 non
2284 1241 2468 1267 necesse
2509 1235 2589 1273 est,

131 1311 238 1337 cum
288 1296 493 1337 Schmidt
539 1297 634 1350 ipse
675 1298 892 1337 concedat
934 1310 1046 1336 voce
1088 1293 1241 1347 κῶμος
1291 1296 1424 1336 etiam
1467 1296 1723 1336 convivium
1765 1297 1990 1336 nonnullis
2037 1296 2145 1336 locis
2185 1297 2306 1348 apud
2346 1297 2590 1336 Pindarum

135 1366 387 1421 significari.
459 1367 615 1419 Atque
656 1367 749 1406 aliis
790 1367 897 1406 locis
939 1380 1033 1406 vox
1071 1369 1220 1416 κῶμος
1273 1367 1454 1405 omnino
1495 1367 1713 1406 sollemne
1755 1367 1983 1419 quoddam
2025 1366 2264 1419 omniaque
2304 1367 2588 1406 sollemnium

132 1438 468 1478 oblectamenta
508 1436 761 1490 significare
808 1436 995 1476 videtur.
1075 1435 1137 1476 Cf.
1180 1436 1248 1476 Ol.
1280 1436 1366 1482 VI,
1416 1440 1485 1477 18:
1549 1435 1685 1486 ἀνδρὶ
1731 1435 1892 1487 κώμου
1934 1435 2133 1490 δεσπότᾳ
2174 1444 2219 1476 et
2258 1436 2365 1476 Isth.
2405 1437 2470 1483 Π,
2515 1451 2593 1487 30:

135 1510 215 1546 καὶ
254 1506 350 1558 γάρ
383 1504 467 1557 οὐκ
514 1502 715 1559 ἀγνῶτες
747 1505 856 1556 ὑμῖν
889 1506 974 1546 ἐντὶ
1008 1505 1137 1555 δόμοι
1170 1506 1274 1547 οὔτε
1309 1505 1496 1555 κώμων,
1529 1499 1567 1546 ὦ
1601 1503 1911 1557 Θρασύβουλ’,
1945 1505 2125 1555 ἐρατῶν
2157 1507 2264 1547 ου”ῑε
2296 1505 2595 1556 μελικόμπων

138 1574 314 1615 ἀοιδὰν.
390 1576 461 1615 De
494 1589 604 1615 voce
637 1573 784 1625 κῶμος
831 1575 882 1615 cf.
918 1576 1133 1615 Thiersch
1166 1576 1290 1615 Pind.
1322 1576 1428 1615 Intr.
1460 1589 1501 1627 p.
1541 1590 1619 1625 11³s
1653 1588 1749 1626 sqq.
1782 1599 1837 1604 —-

282 1645 453 1698 Quodsi
487 1644 692 1685 Schmidt
733 1646 907 1684 monuit
947 1645 1137 1698 primam
1172 1653 1215 1685 et
1247 1646 1426 1684 ultimas
1464 1647 1576 1685 duas
1617 1645 1823 1697 strophas
1864 1645 2071 1685 carminis
2113 1646 2323 1685 eximiam
2365 1645 2592 1697 quandam

131 1715 406 1755 'hilaritatem
439 1715 743 1767 laetitiamque
777 1717 1019 1763 declarare,
1084 1716 1275 1755 eximiae
1315 1716 1446 1754 huius
1487 1715 1718 1754 hilaritatis
1760 1729 1812 1755 ac
1852 1716 2046 1755 laetitiae
2086 1716 2292 1768 quamvis
2332 1714 2590 1767 aptissimae

138 1785 196 1824 ad
237 1785 489 1824 convivium
536 1785 643 1824 alias
683 1798 840 1825 causas
891 1785 1048 1825 afferre
1097 1799 1348 1838 possumus.
1409 1785 1643 1824 Admonet
1683 1784 1800 1823 enim
1841 1792 1976 1837 poeta
2016 1785 2231 1824 victorem
2271 1786 2405 1824 rebus
2449 1784 2592 1837 gestis

138 1856 474 1895 celeberrimum
515 1855 772 1907 optimeque
810 1856 1038 1902 meritum,
1080 1864 1129 1895 ut
1168 1857 1256 1895 iam
1298 1855 1469 1894 fruatur
1509 1855 1598 1894 otio
1631 1855 2025 1907 voluptatibusque
2069 1869 2121 1895 ac
2154 1855 2322 1895 deliciis
2355 1854 2474 1894 vitae
2505 1854 2589 1893 sibi

137 1925 314 1977 paratis.
376 1926 536 1965 Nonne
569 1926 786 1966 eiusmodi
819 1926 1061 1966 admonitio
1093 1926 1180 1965 iam
1214 1939 1293 1978 per
1324 1939 1371 1964 se
1403 1925 1672 1964 hilaritatem
1706 1926 1931 1977 quandam
1964 1925 2141 1965 efficere
2172 1927 2349 1977 potest?

282 1994 477 2035 Omnino
511 2009 579 2042 ea,
623 2009 737 2047 quae
772 1995 974 2036 Schmidt
1006 1996 1252 2048 proposuit,
1291 2009 1380 2046 quo
1418 2003 1621 2046 tempore
1653 2003 1697 2034 et
1729 2008 1818 2045 qua
1848 1995 2019 2034 ratione
2051 2008 2229 2034 carmen
2262 1995 2318 2033 sit
2350 2000 2592 2034 cantatum·

137 2071 230 2103 tam
254 2064 488 2104 insolentia
508 2073 620 2112 sunt,
649 2072 698 2104 ut
723 2065 802 2104 vix
824 2066 1030 2118 cuiquam
1057 2066 1235 2118 probari
1257 2065 1438 2117 possint.
1500 2065 1646 2103 Nemo
1670 2065 1790 2111 alius,
1813 2071 2030 2117 quantum
2053 2064 2230 2111 scimus,
2253 2064 2471 2103 eiusmodi
2493 2077 2592 2102 scn—

138 2135 323 2174 tentiam
341 2148 591 2187 proponere
613 2142 799 2175 conatus
827 2144 905 2175 est.
953 2136 1141 2176 Carmen
1167 2135 1400 2188 epinicium
1424 2135 1467 2173 in
1493 2135 1589 2186 ipso
1612 2134 1817 2174 convivio
1842 2135 1956 2173 inter
1976 2135 2138 2186 pocula
2160 2140 2388 2173 cantatum
2412 2146 2511 2172 esse
2533 2134 2590 2172 ab

140 2204 292 2244 amicis
313 2205 650 2258 hospitibusque
673 2205 869 2245 Chromii
897 2206 1280 2258 compotantibus!
1339 2206 1527 2244 Poetam
1550 2212 1713 2249 autem,
1747 2218 1849 2243 cum
1873 2217 2053 2243 carmen
2075 2205 2297 2250 scriberet,
2329 2205 2414 2242 hoc
2436 2203 2584 2253 ipsum

140 2274 463 2326 respicientem,
497 2277 619 2328 quod
650 2276 860 2328 hospites,
893 2276 1054 2328 quibus
1087 2289 1267 2315 carmen
1299 2275 1549 2314 canendum
1574 2282 1702 2320 esset,
1734 2274 1775 2313 in
1811 2273 2128 2313 difficilioribus
2160 2274 2311 2313 metris
2340 2272 2583 2312 tractandis

140 2358 298 2396 parum
332 2351 480 2384 essent
511 2346 750 2393 exercitati,
784 2348 990 2398 strophas
1023 2348 1184 2385 breves
1226 2344 1369 2384 forma
1411 2344 1773 2396 monostrophica
1810 2344 2225 2396 simplicissimoque
2268 2350 2410 2382 metro
2452 2355 2583 2381 usum

143 2413 466 2465 composuisse}
528 2415 618 2455 Sed
651 2415 832 2456 Graecis
863 2429 1073 2455 numeros
1106 2416 1148 2454 in
1182 2415 1450 2454 carminibus
1483 2415 1712 2454 cantandis
1744 2415 1864 2453 haud
1895 2422 1988 2454 tarn
2024 2428 2237 2467 magnam
2279 2412 2588 2452 difficultatem

142 2483 341 2523 attulisse
381 2484 528 2536 liquet,
561 2499 663 2525 cum
695 2500 981 2526 numerorum
1014 2486 1321 2538 percussiones
1354 2486 1410 2523 ab
1433 2498 1497 2531 eo,
1530 2485 1605 2536 qui
1628 2492 1811 2524 cantum
1844 2485 2120 2536 chorumque
2152 2484 2383 2537 dirigebat,
2416 2495 2586 2535 magno

143 2567 245 2592 cum
278 2554 464 2605 strepitu
497 2554 679 2594 indicari
710 2557 824 2608 pede
856 2557 1062 2595 solerent.

285 2623 463 2662 Pindari
489 2625 684 2664 carmina
707 2626 890 2677 epinicia
912 2640 938 2665 a
964 2625 1108 2665 choris
1131 2625 1326 2664 virorum
1352 2624 1624 2663 iuvenumve
1649 2625 1764 2663 bene
1791 2624 2043 2663 exercitatis
2070 2629 2249 2663 cantata
2274 2635 2371 2661 esse
2398 2628 2586 2672 excepte·-

144 2691 390 2732 Schmidtio
422 2707 577 2733 omnes
610 2695 901 2734 consentiunt.
964 2695 1029 2744 (cf.
1063 2709 1177 2747 quae
1209 2695 1423 2733 'l'hiersch
1456 2695 1511 2733 de
1542 2695 1626 2733 hac
1658 2708 1705 2733 re
1737 2694 1989 2746 disputavit,
2023 2694 2146 2732 Pind.
2177 2694 2204 2734 1.
2231 2706 2265 2732 c.
2297 2706 2337 2744 p.
2373 2705 2448 2741 103
2479 2697 2587 2741 sqq.)

144 2760 393 2802 Choreutae
425 2777 452 2802 a
483 2764 674 2803 Pindaro
705 2764 801 2816 ipso
833 2765 1027 2803 τέκτονες
1070 2764 1244 2813 κώμων
1278 2764 1344 2815 (N.
1377 2764 1465 2810 HI„
1496 2766 1546 2813 4),
1580 2763 1770 2803 artifices
1803 2764 2049 2802 carminum
2072 2776 2267 2809 suorum,
2299 2762 2588 2813 appellantur.

144 2831 290 2871 Multo
321 2834 592 2884 probabilius
617 2840 745 2880 esset,
778 2834 813 2873 si
835 2833 1039 2874 Schmidt
1071 2848 1157 2872 non
1193 2834 1360 2873 amicos
1393 2835 1663 2872 accubantes
1695 2834 1775 2872 sed
1806 2833 1916 2871 alios
1939 2833 2157 2884 quosdam
2181 2833 2255 2871 vel
2276 2831 2582 2884 Syracusanos

144 2901 218 2939 vel
249 2901 478 2942 Aetnaeos
520 2904 729 2943 cantandi
769 2904 1048 2955 saltandique
1081 2904 1257 2955 peritos,
1290 2917 1391 2942 cum
1425 2903 1554 2942 amici
1581 2902 1901 2948 accubuissent,
1935 2915 2115 2941 carmen
2148 2901 2358 2940 cecinisse
2389 2899 2587 2940 dixisset.

146 2970 237 3010 Sed
267 2971 379 3011 inter
409 2974 569 3025 pocula
601 2987 780 3013 carmen
812 2975 1037 3026 quoddam
1071 2973 1305 3025 epinicium
1335 2980 1563 3012 cantatum
1596 2986 1694 3012 esse
1729 2973 1909 3011 omnino
1941 2972 2179 3011 verisimile
2211 2985 2299 3010 non
2332 2977 2409 3009 est.
2474 2969 2583 3008 Post

146 3040 399 3080 convivium
431 3043 547 3082 enim
579 3057 791 3095 pompam
825 3044 1005 3082 ductam
1039 3057 1146 3087 esse,
1179 3043 1222 3081 id
1255 3043 1375 3094 quod
1407 3041 1614 3082 Schmidt
1645 3042 1883 3087 contendit,
1917 3041 2116 3092 cogitare
2148 3054 2238 3079 non
2264 3041 2375 3080 licet.
2438 3038 2584 3077 Nemo

147 3109 263 3149 enim
304 3109 499 3162 ignorat,
539 3119 715 3152 veteres
753 3115 863 3152 hora
903 3113 1206 3165 pomeridiana
1247 3114 1340 3151 sole
1381 3112 1468 3150 iam
1511 3112 1750 3151 inclinante
1791 3113 2057 3151 accumbere
2097 3124 2242 3163 neque
2282 3118 2376 3150 tam
2409 3114 2585 3147 mature

146 3193 332 3232 surgere
364 3193 390 3218 a
422 3193 559 3220 coena
590 3182 743 3222 solitos
776 3196 887 3222 esse.

290 3249 497 3301 Quonam
546 3257 693 3290 autem
736 3259 938 3305 tempore
969 3265 1136 3304 pompa
1168 3252 1302 3291 ducta
1333 3258 1469 3298 esset,
1502 3251 1538 3290 si
1570 3251 1822 3290 convivium
1857 3250 1943 3289 iam
1978 3249 2232 3302 incepisset,
2265 3262 2367 3288 cum
2408 3260 2588 3287 carmen

147 3321 406 3359 caneretur?
467 3319 542 3358 An
585 3324 797 3372 vespere?
859 3321 1050 3361 Credere
1086 3335 1176 3360 non
1207 3334 1465 3373 possumus,
1506 3320 1588 3359 nisi
1627 3320 1742 3359 forte
1789 3333 2002 3372 pompam
2033 3320 2155 3359 illam
2191 3319 2259 3357 ‘fel
2291 3312 2452 3366 μῶμον
2485 3330 2589 3356 cum

147 3390 342 3429 tumultu
383 3403 639 3442 magnaque
685 3402 786 3428 cum
827 3391 1071 3441 petulantia
1107 3392 1264 3429 urbem
1306 3391 1640 3442 perambulasse
1679 3390 1929 3428 statuimus.
