2740 3755
1298 412 1322 449 S

93 561 242 594 autem
280 551 506 602 stropham
540 547 663 601 quasi
709 546 843 586 totius
876 544 1079 585 carminis
1112 539 1329 595 ἑπῳδικόν
1367 556 1393 582 a
1424 541 1647 582 choreutis
1685 548 1908 582 cantatam
1962 556 2075 591 esse,
2129 549 2373 596 postquam
2416 558 2530 585 conr

94 621 304 662 stiterint?
363 620 415 659 In
435 619 562 658 Nem.
594 618 659 663 IL,
691 617 802 656 sicut
827 616 870 654 in
901 615 954 654 N.
976 614 1070 660 IX.,
1102 613 1244 664 prima
1265 613 1446 664 stropha
1468 624 1494 650 a
1515 610 1671 650 ceteris
1695 611 1900 664 graviore
1920 611 2272 664 interpunctione
2301 613 2522 654 disiuncta

95 698 183 738 est;
208 691 392 730 fortasse
413 689 457 727 in
476 687 543 726 his
561 687 733 727 duobus
750 684 1016 724 carminibus
1039 683 1275 723 choreutae
1296 681 1397 721 inde
1423 694 1449 720 a
1466 680 1661 720 secunda
1686 681 1867 719 demum
1889 682 2071 732 stropha
2095 682 2256 721 saltare
2279 690 2531 734 coeperunt.

95 767 139 800 et
170 773 269 799 cum
301 757 486 804 tertiam,
519 755 716 808 quintam
743 753 971 806 stropham
1004 753 1231 798 canebant,
1263 751 1325 790 ita
1355 751 1502 790 locum
1534 751 1779 797 mutabant,
1815 756 1860 789 ut
1890 763 2041 789 rursus
2074 752 2130 790 ad
2161 765 2291 791 suum
2331 752 2522 804 quisque

96 830 254 876 locum,
286 827 403 867 unde
434 825 603 866 moveri
634 823 860 876 coepisset,
892 822 1063 862 rediret.
1135 821 1187 860 In
1219 820 1268 860 iis
1300 833 1407 859 vero
1439 819 1706 859 carminibus
1738 819 2118 871 monostrophicis‚
2163 820 2209 859 in
2245 821 2404 873 quibus
2440 835 2531 874 par·

95 904 162 938 est
202 898 480 948 stropharum
526 907 755 940 numerus,
802 892 1037 942 unicuique
1084 891 1293 941 strophae
1337 890 1658 941 antistropham
1708 890 2019 941 opponendam
2061 902 2158 928 esse
2202 902 2344 941 aeque
2386 897 2521 943 atque

94 968 137 1006 in
169 966 350 1007 choricis
382 964 710 1018 tragoediarum
743 961 1019 1002 verisimilius
1051 960 1235 1007 videtur,
1268 972 1540 1011 quamquam
1579 965 1771 998 metrum
1809 959 1978 1010 primae
2015 959 2224 1010 strophae
2269 960 2388 1011 apud
2419 960 2523 1000 Pin-

97 1038 252 1076 darum
299 1048 378 1087 per
414 1040 556 1073 totum
605 1045 782 1072 carmen
828 1031 1050 1082 repetitur.
1132 1030 1246 1069 Sunt
1293 1036 1442 1068 autem
1488 1042 1613 1076 sane,
1658 1028 1733 1080 qui
1778 1029 2013 1082 vulgarem
2060 1028 2180 1068 illam
2229 1029 2285 1068 de
2331 1029 2522 1069 saltandi

95 1106 296 1156 strophas
358 1110 401 1143 et
447 1103 742 1154 antistrophas
798 1114 962 1155 genere
1020 1100 1271 1151 opinionem
1319 1098 1498 1138 omnino
1545 1098 1759 1138 incertam
1807 1105 1851 1137 et
1897 1111 1923 1138 a
1970 1098 2273 1152 grammaticis
2321 1112 2380 1138 ex
2425 1099 2532 1151 ipso

95 1174 465 1225 antistropharum
498 1172 674 1211 nomine
706 1172 911 1210 haustam
945 1183 1041 1209 esse
1074 1169 1231 1208 dicant.

234 1243 439 1283 Ceterum
470 1241 548 1281 vix
568 1240 660 1280 fore
682 1239 878 1286 arbitror,
910 1245 958 1278 ut
980 1238 1213 1290 quisquam
1237 1250 1479 1291 coarguere
1502 1237 1650 1289 possit,
1683 1250 1761 1277 cur
1786 1238 1916 1289 poeta
1940 1237 1984 1276 in
2005 1237 2226 1277 nonnullis
2248 1237 2525 1278 carminibus

94 1321 226 1364 atque
258 1312 389 1351 etiam
432 1311 476 1350 in
511 1310 724 1350 eiusmodi
755 1309 1032 1356 carminibus,
1084 1321 1197 1359 quae
1245 1314 1288 1346 et
1325 1314 1592 1361 argumento
1635 1313 1680 1346 et
1724 1306 1868 1346 forma
1912 1320 2135 1346 summam
2181 1313 2340 1359 poetae
2379 1313 2526 1347 artem

94 1382 335 1429 declarant,
382 1380 623 1419 vetustiore
658 1379 732 1418 illa
778 1392 829 1418 ac
868 1378 1130 1430 simpliciore
1162 1377 1304 1417 forma
1340 1377 1715 1429 monostrophica‚
1762 1376 1807 1415 in
1850 1376 2006 1416 ceteris
2036 1390 2144 1416 vero
2191 1377 2396 1417 omnibus
2427 1377 2528 1418 sive·

91 1451 364 1490 brevioribus
404 1450 633 1501 leviusque
664 1448 855 1491 exaratis
886 1448 980 1488 sive
1010 1447 1284 1500 longioribus
1316 1446 1638 1499 manifestoque
1669 1459 1846 1486 summa
1875 1459 1977 1487 cum
2006 1445 2236 1499 diligentia
2266 1447 2528 1499 compositis

93 1533 197 1559 usus
229 1519 284 1559 sit
316 1520 478 1571 epodis.

231 1587 321 1629 Sed
353 1602 405 1628 ea
435 1602 523 1635 reS,
564 1589 619 1628 de
659 1602 747 1640 qua
786 1588 929 1627 adhuc
974 1587 1113 1626 verba
1148 1587 1348 1633 fecimus,
1395 1600 1483 1626 non
1521 1587 1582 1626 ita
1617 1586 1879 1638 interpretes
1919 1585 2133 1632 exercuit,
2180 1591 2229 1625 ut
2268 1584 2522 1626 fabularum

90 1659 161 1697 vel
192 1671 339 1697 rerum
372 1659 669 1711 mythicarum
702 1658 821 1709 apud
852 1657 1093 1696 Pindarum
1126 1656 1341 1695 tractatio.

232 1727 471 1766 Pindarum
504 1727 709 1766 omnibus
749 1725 840 1765 fere
873 1725 1139 1765 carminibus
1180 1725 1372 1776 epiniciis
1413 1724 1585 1764 fabulas
1626 1726 1846 1778 quasdam
1886 1725 2128 1765 intexuisse
2169 1725 2389 1778 mythicas
2421 1725 2526 1778 quis

94 1804 160 1835 est
191 1796 266 1848 qui
297 1796 488 1836 nesciat?
531 1795 730 1848 Quarum
763 1795 1012 1835 fabularum
1047 1794 1282 1846 explicatio
1314 1794 1624 1847 interpretibus
1656 1808 1745 1834 non
1776 1808 1941 1847 parvae
1973 1801 2040 1834 est
2072 1808 2214 1837 curae,
2277 1794 2523 1846 Quomodo·

91 1866 205 1905 enim
238 1865 387 1905 fabula
420 1865 690 1917 expediatur,
724 1866 780 1904 ad
811 1865 945 1904 totius
987 1864 1191 1903 carminis
1224 1864 1453 1903 consilium
1492 1871 1898 1917 argumentumque
1920 1864 2233 1916 explicandum
2257 1865 2518 1918 gravissimi.

91 1934 303 1974 momenti
335 1941 411 1974 est.
493 1935 696 1987 Plerique
727 1940 885 1986 putant
918 1934 1157 1974 Pindarum
1190 1933 1340 1973 fabula
1371 1935 1553 1974 carmini
1583 1934 1753 1974 intexta
1793 1948 1863 1974 res
1896 1935 2112 1987 quasdam
2151 1935 2224 1974 vel
2254 1935 2523 1986 praeteritas

90 2005 161 2043 vel
191 2011 456 2056 praesentes,
489 2018 602 2056 quae
634 2005 690 2044 ad
721 2004 934 2043 victorem
956 2004 1100 2056 ipsum
1133 2005 1205 2043 vel
1237 2004 1328 2043 eius
1352 2011 1533 2057 gentem
1564 2005 1841 2057 patriamque
1871 2004 2130 2056 pertineant,
2163 2004 2289 2056 quasi
2317 2004 2521 2057 imagine

91 2074 320 2113 ostendere
342 2073 544 2113 voluisse.
590 2073 659 2112 Ita
685 2073 868 2112 Boeckh
890 2073 1068 2125 primus,
1093 2080 1194 2125 post
1216 2087 1317 2112 eum
1339 2073 1410 2112 alii
1426 2087 1495 2113 res
1517 2073 1736 2126 mythicas
1754 2074 1977 2126 explicare
1994 2075 2269 2113 studuerunt.
2304 2073 2436 2126 Quod
2457 2087 2521 2113 ne

91 2143 303 2183 Boeckhii
334 2143 511 2195 quidem
545 2143 735 2182 acumini
767 2143 969 2196 contigit,
1021 2150 1070 2182 ut
1102 2156 1256 2182 omnes
1296 2142 1545 2182 fabularum
1584 2150 1732 2195 partes
1772 2144 2047 2195 temporibus
2088 2156 2139 2182 ac
2170 2144 2303 2182 rebus
2334 2143 2516 2182 victoris

90 2214 203 2252 bene
236 2212 474 2252 convenire
506 2213 826 2265 comprobaret,
859 2213 928 2251 alii
960 2225 1057 2252 sese
1089 2211 1324 2252 effecturos
1358 2226 1454 2252 esse
1486 2219 1787 2265 speraverunt.
1861 2212 1922 2252 Hi
1954 2218 2114 2259 autem,
2162 2212 2267 2264 quin
2298 2212 2380 2265 ipsi
2411 2226 2523 2252 suas—

91 2282 338 2321 iabularum
372 2281 689 2333 explicationes
721 2281 964 2320 maximam
999 2282 1055 2320 ad
1086 2288 1258 2333 partem
1290 2283 1334 2321 in
1366 2283 1617 2322 coniectura
1649 2295 1746 2322 esse
1776 2282 1943 2334 positas
1963 2281 2217 2329 faterentur,
2248 2282 2395 2322 facere
2425 2295 2519 2322 non-

91 2358 339 2403 potuerunt.

231 2422 424 2461 Leutsch
468 2419 592 2474 (Phil.
635 2420 762 2460 XIV.
794 2434 833 2472 p.
867 2421 938 2475 61)
970 2421 1014 2460 in
1060 2421 1144 2460 ista
1183 2420 1355 2460 fabulas
1409 2421 1725 2473 interpretandi
1764 2421 1948 2469 ratione,
2005 2435 2139 2474 quam
2183 2421 2278 2473 ipse
2330 2421 2515 2462 adhibet

90 2491 313 2538 Boeckhii,
359 2490 548 2530 Dissenii
580 2491 853 2530 coniecturas
886 2491 1210 2537 emendaturus,
1254 2491 1407 2529 iniuria
1438 2492 1495 2530 ad
1527 2491 1840 2544 Chrysippum,
1887 2491 2216 2539 Aristarchum,
2264 2491 2510 2545 Didymum

92 2566 321 2612 provocat,
373 2560 535 2612 quippe
567 2572 667 2599 cum
699 2560 777 2598 vix
809 2559 1009 2599 alicunde
1041 2566 1251 2611 appareat
1283 2560 1379 2599 illos
1409 2560 1670 2612 interpretes
1708 2561 1986 2600 doctissimos
2018 2562 2075 2601 ad
2114 2575 2213 2601 eam
2244 2559 2515 2613 processisse

93 2629 332 2669 coniciendi
363 2628 604 2676 audaciam,
637 2642 750 2681 quae
781 2629 864 2668 hac
897 2635 1041 2668 aetate
1072 2630 1322 2669 hominibus
1355 2630 1616 2670 doctissimis
1647 2631 1831 2682 placeat.

232 2699 303 2738 Ac
339 2699 522 2738 Boeckh
555 2699 731 2751 quidem
763 2699 807 2737 in
837 2698 971 2750 praef.
1004 2700 1059 2738 ad
1091 2698 1268 2739 Scholia
1301 2701 1352 2751 (p.
1384 2698 1576 2751 XVIII.)
1609 2713 1690 2747 „ex
1720 2700 1788 2739 his
1820 2700 2008 2752 antiquis
2040 2697 2340 2753 grammaticis
2370 2698 2521 2738 bonas

92 2769 420 2808 observationes
452 2769 672 2819 plurimas,
705 2769 962 2820 praesertim
996 2782 1053 2808 ex
1083 2769 1330 2808 fabularum
1363 2783 1598 2822 rerumque
1633 2776 1861 2823 gestarum
1893 2769 2048 2809 notitia
2081 2772 2286 2808 accurata
2325 2767 2516 2808 haustasv

91 2838 135 2876 in
166 2845 318 2877 vetera
349 2838 514 2877 scholia
544 2838 727 2885 venisse,
761 2839 838 2877 sed
870 2838 1033 2877 mixtas
1066 2852 1166 2878 cum
1198 2839 1248 2878 iis
1279 2844 1448 2892 nugas“
1479 2840 1652 2881 iudicat.

230 2907 369 2947 Nobis
401 2920 467 2953 ea,
514 2921 627 2959 quae
659 2921 716 2947 ex
748 2907 980 2960 Chrysippi
1012 2916 1055 2947 et
1087 2916 1333 2948 ceterorum
1366 2908 1691 2948 commentariis
1723 2914 1976 2959 supersunt,
2023 2906 2107 2943 hoc
2142 2910 2316 2944 tantum
2349 2905 2516 2945 docere·

92 2976 310 3023 videntur,
368 2976 514 3029 aliqua
544 2977 711 3016 ratione
743 2978 915 3016 fabulas
946 2978 989 3016 in
1022 2978 1197 3017 Pindari
1230 2979 1496 3018 carminibus
1528 2978 1782 3017 referendas
1815 2989 1911 3015 esse
1951 2974 2007 3013 ad
2037 2973 2244 3020 victores;
2285 2975 2365 3014 sed
2394 2975 2517 3015 h'anc

92 3045 307 3085 rationem
338 3059 427 3085 non
458 3053 549 3085 tam
583 3054 723 3086 artam
757 3047 1062 3086 existimamus
1095 3061 1227 3099 quam
1260 3049 1453 3087 Leutsch
1486 3055 1529 3087 et
1561 3047 1631 3087 alii
1663 3045 2037 3085 existimaverunt.

233 3114 362 3154 Certe
395 3121 551 3162 errant,
584 3116 658 3167 qui
689 3116 927 3155 Pindarum
961 3130 1013 3155 ea
1043 3117 1211 3156 ratione
1243 3130 1312 3156 res
1345 3117 1563 3169 mythicas
1594 3126 1795 3154 narrasse
1826 3112 2101 3159 arbitrentur,
2134 3118 2183 3152 ut
2214 3126 2348 3165 quam
2381 3127 2515 3154 accu-

92 3183 307 3222 ratissima
338 3197 484 3222 rerum
518 3184 693 3223 victoris
724 3184 849 3224 fieret
880 3185 1042 3238 imago.

233 3253 433 3305 Mythica
464 3266 563 3303 pars
587 3254 829 3293 carminum
863 3256 1135 3294 choricorum
1164 3262 1256 3294 erat
1279 3253 1590 3304 antiquissima,
1623 3264 1720 3289 eam
1746 3250 1880 3302 igitur
1900 3250 1943 3289 in
1973 3251 2149 3291 canticis
2175 3253 2507 3306 tragoediarum

94 3333 268 3372 quoque
301 3330 606 3361 conservatam
636 3323 848 3363 videmus.
901 3325 1115 3364 Pindarus
1136 3337 1241 3363 vero
1263 3323 1305 3361 in
1328 3321 1591 3360 carminibus
1614 3319 1804 3369 epiniciis
1826 3318 1996 3359 fabulas
2023 3322 2251 3373 mythicas,
2282 3321 2506 3371 „pulcher-

94 3389 250 3428 rimam
284 3391 564 3441 epiniciorum
598 3398 801 3442 partem“,
834 3407 921 3432 non
955 3395 1087 3432 modo
1130 3395 1186 3431 ob
1218 3404 1317 3430 eam
1350 3402 1528 3429 causam
1576 3388 1790 3434 adhibuit,
1838 3390 1938 3441 quia
1970 3398 2091 3430 certa
2127 3389 2271 3441 poesis
2302 3387 2512 3426 choricae

92 3458 167 3496 lex
198 3471 342 3498 rerum
377 3460 671 3512 mythicarum
699 3469 1006 3501 ornamentum
1041 3461 1326 3512 exposcebat,
1375 3458 1452 3496 sed
1485 3456 1614 3495 etiam
1657 3465 1905 3509 propterea,
1949 3461 2066 3511 quod
2099 3455 2350 3507 aptissimae
2388 3462 2509 3501 sunt,
