2740 3755
1367 335 1389 371 7

151 470 358 511 carminis
391 475 546 509 cantus
585 467 959 514 intermitteretur,
1001 472 1243 518 antequam
1275 480 1441 518 pompa
1481 467 1538 506 ad
1577 466 1711 506 finem
1755 467 2028 518 propositum
2070 466 2364 518 pervenisset,
2408 480 2587 507 carmen

154 540 291 594 igitur
320 553 409 579 non
441 552 529 578 uno
561 543 716 576 tenore
748 537 827 576 sed
858 536 1185 587 intercapedine
1217 536 1357 575 semel
1388 536 1459 575 vel
1491 536 1666 587 saepius
1706 536 1823 575 facta
1863 543 2128 576 cantaretur.
2190 536 2344 587 Atque
2383 536 2585 576 videmus

154 610 334 661 quidem
367 608 555 660 primam
588 606 793 646 carminis
825 605 878 645 N.
910 605 992 644 IX.
1025 606 1253 656 stropham
1293 605 1498 658 graviore
1539 605 1890 656 interpunctione
1934 606 2185 645 distinctam
2228 619 2279 645 ac
2320 612 2581 658 separatam.

155 679 327 718 Eodem
358 678 457 717 loco
490 676 622 716 etiam
656 681 971 729 argumentum
1013 674 1216 713 carminis
1258 674 1384 725 quasi
1425 674 1610 714 incisum
1654 688 1750 714 esse
1781 675 1908 714 facile
1940 675 2343 715 animadvertimus.
2424 675 2582 726 Neque

154 746 415 799 compositio
458 745 661 785 carminis
701 758 846 795 neque
890 743 1160 783 continuatio
1204 743 1428 794 seriesque
1472 757 1639 791 rerum,
1684 757 1797 795 quae
1842 744 2024 783 carmini
2066 746 2274 791 subsunt,
2319 750 2585 797 repugnant,

145 817 391 869 quominus
423 829 603 855 carmen
634 813 892 866 interposito
924 813 1156 852 intervallo
1189 820 1416 853 cantatum
1459 827 1556 853 esse
1595 827 1825 865 ponamus.
1887 814 2038 853 Media
2078 814 2282 853 carminis
2324 827 2426 865 pars
2467 813 2582 864 (inde

154 902 182 927 a
213 893 288 927 str.
324 885 378 939 2.)
424 899 539 937 quae
586 897 809 924 summam
855 883 1060 923 carminis
1105 882 1237 923 efficit
1281 883 1584 935 continetque,
1629 897 1730 923 cum
1775 883 1917 935 prima
1960 889 2084 935 parte
2130 884 2216 935 (str.
2255 883 2300 934 Ι.)
2343 890 2436 922 tam
2481 883 2586 921 laxe

153 957 378 1002 cohaeret,
425 960 474 994 ut
505 954 716 993 maiorem
758 954 980 1004 quandam
1014 953 1389 1005 intercapedinem
1421 954 1534 993 inter
1573 954 1653 992 has
1694 959 1843 1004 partes
1885 953 2047 992 factam
2081 966 2178 992 esse
2211 952 2410 992 conicere
2446 952 2586 991 liceat.

154 1026 309 1078 Atque
341 1024 474 1064 etiam
506 1029 709 1063 extrema
740 1023 943 1063 carminis
975 1036 1076 1074 pars
1109 1023 1226 1075 (inde
1257 1037 1283 1062 a
1313 1030 1384 1062 str.
1426 1023 1505 1077 10.)
1540 1037 1654 1074 quae
1693 1024 1749 1062 ad
1781 1023 2032 1062 convivium
2065 1022 2260 1062 maxime
2292 1013 2492 1074 pertinet,
2527 1021 2583 1060 ab

154 1093 518 1135 antecedentibus
551 1093 744 1144 strophis
778 1094 840 1145 (et
872 1106 1004 1132 sensu
1038 1099 1081 1132 et
1111 1093 1476 1144 interpunctione)
1509 1093 1615 1132 satis
1647 1093 1852 1132 distincta
1894 1098 1971 1134 est.
2042 1091 2251 1132 Similiter
2294 1091 2498 1130 distincta
2535 1103 2586 1129 ac

155 1163 298 1204 divisa
319 1163 404 1203 alia
425 1176 604 1214 quoque
625 1162 802 1201 Pindari
825 1162 1020 1201 carmina
1043 1163 1404 1214 monostrophica
1430 1163 1631 1201 videmus
1661 1162 1713 1204 cf.
1732 1161 1783 1202 O.
1804 1161 1932 1203 XIV.
1959 1161 2089 1214 Pyth‚
2107 1161 2184 1201 VI.
2206 1161 2334 1200 Nem.
2353 1160 2411 1202 ΙΙ.
2435 1160 2488 1199 N.
2508 1159 2586 1199 IV.

296 1232 591 1273 Nihilominus
635 1232 712 1271 vix
743 1231 869 1271 nobis
902 1232 1266 1282 persuadebimus
1310 1239 1488 1283 poetam
1535 1232 1741 1279 carmina,
1786 1245 1900 1283 quae
1931 1245 2109 1271 summa
2146 1238 2240 1270 arte
2272 1229 2585 1282 composuerit,

152 1311 285 1344 cantu
316 1303 377 1343 ita
408 1303 628 1354 discerpta
658 1315 710 1342 ac
742 1302 979 1342 dilacerata
1010 1302 1213 1341 voluisse.
1275 1302 1420 1341 Multo
1452 1302 1597 1355 magis
1626 1308 1972 1341 consentaneum
2005 1308 2072 1340 est
2104 1300 2356 1340 existimare
2389 1299 2585 1339 carmina

153 1373 323 1429 ἐπίνικα
371 1373 519 1412 omnia
562 1386 702 1424 aeque
751 1378 929 1411 cantata
975 1385 1088 1419 esse,
1142 1385 1194 1411 ac
1242 1372 1452 1423 pleraque
1497 1378 1644 1411 cetera
1681 1385 1797 1423 quae
1836 1371 2040 1411 dicuntur
2083 1370 2257 1410 chorica
2300 1370 2323 1409 i.
2357 1383 2391 1409 e.
2428 1382 2585 1408 unum-

152 1443 364 1494 quodque
409 1455 586 1482 carmen
637 1448 777 1481 totum
824 1448 943 1481 certo
989 1442 1182 1492 quodam
1229 1441 1347 1489 loco,
1388 1442 1462 1480 ubi
1506 1442 1665 1481 chorus
1707 1441 1974 1487 constiterit3
2020 1447 2208 1492 excepta
2244 1446 2347 1479 sunt
2384 1453 2436 1479 ea
2472 1439 2585 1485 sola,

152 1524 268 1562 quae
314 1513 372 1551 ob
417 1512 623 1551 cantandi
663 1512 878 1551 rationem
921 1525 1047 1550 suam
1080 1512 1275 1562 ipsorum
1316 1511 1539 1563 propriam
1572 1511 1791 1561 προσόδια
1829 1511 2087 1550 nominatim
2127 1510 2394 1549 dicebantur.
2458 1508 2585 1558 Quae

153 1593 255 1620 cum
301 1581 362 1620 ita
402 1581 498 1628 sint,
531 1581 693 1621 nullius
722 1581 936 1620 momenti
988 1587 1064 1627 est,
1118 1581 1235 1632 quod
1275 1582 1487 1620 nonnulla
1531 1581 1726 1620 carmina
1768 1580 2127 1632 monostrophica
2171 1581 2226 1619 ab
2275 1578 2585 1630 interpretibus

150 1651 420 1701 quibusdam
459 1650 661 1704 ἐγκώμια
694 1665 790 1691 esse
823 1652 1041 1693 dicuntur.
1102 1651 1154 1691 In
1186 1664 1373 1690 numero
1405 1651 1711 1702 prosodiorum
1750 1651 1922 1690 illorum
1956 1649 2186 1690 referenda
2217 1655 2335 1689 certe
2356 1662 2445 1688 non
2467 1654 2582 1687 sunt.

152 1719 343 1760 Carmen
375 1727 524 1760 autem
557 1721 611 1761 N.
644 1721 727 1763 IX.
759 1722 802 1761 in
834 1735 998 1773 pompa
1031 1721 1210 1772 quidem
1243 1722 1321 1760 sed
1350 1728 1588 1772 postquam
1613 1734 1778 1772 pompa
1805 1720 1999 1761 constitit
2029 1720 2085 1759 ad
2112 1718 2332 1770 Apollinis
2354 1718 2583 1769 templum,

151 1789 374 1830 sacrificiis
406 1790 594 1842 peractis
627 1797 853 1830 cantatum
889 1798 965 1831 est.
1030 1791 1139 1830 Inde
1176 1804 1341 1842 pompa
1379 1792 1435 1830 ad
1474 1790 1668 1830 Chromii
1700 1792 1883 1830 domum
1916 1789 2123 1830 Chromio
2164 1789 2259 1840 ipso
2300 1801 2429 1828 curru
2461 1787 2580 1826 inve-

151 1859 285 1899 hente
317 1860 450 1899 ducta
482 1867 559 1907 est,
597 1860 672 1899 ubi
698 1861 854 1912 epulae
885 1860 1063 1900 victoris
1086 1860 1237 1899 amicis
1268 1860 1355 1899 iam
1389 1868 1513 1900 erant
1535 1867 1725 1912 paratae.
1788 1860 1905 1899 Huic
1937 1857 2284 1910 interpretationi
2315 1858 2452 1896 verba
2492 1869 2583 1895 car-

152 1928 281 1968 minis
313 1943 401 1968 non
439 1931 573 1969 modo
612 1943 701 1969 non
738 1937 1009 1984 repugnant,
1051 1932 1130 1971 sed
1169 1931 1519 1982 praeclarissime
1560 1937 1823 1983 congruunt.
1886 1929 2091 1969 Ceterum
2134 1928 2185 1968 cf.
2226 1940 2340 1979 quae
2371 1926 2584 1966 Thiersch

149 1999 208 2037 de
241 1999 447 2038 cantandi
478 1999 647 2039 ratione
679 2000 722 2038 in
755 1999 931 2039 Pindari
964 2000 1230 2040 carminibus
1263 2000 1460 2039 adhibita
1490 2001 1515 2040 l.
1549 2014 1582 2040 c.
1615 2013 1654 2051 p.
1694 2014 1769 2051 103
1805 2013 1901 2052 sqq.
1933 1998 2153 2051 explicuit.

293 2068 447 2119 Atque
469 2069 529 2107 ita
548 2083 636 2108 uno
654 2069 860 2120 exemplo
878 2069 964 2108 iam
988 2070 1316 2109 demonstrasse
1336 2070 1421 2110 hoc
1443 2069 1570 2109 nobis
1593 2070 1804 2116 videmur,
1821 2076 1999 2121 poetam
2019 2082 2108 2108 non
2135 2068 2233 2107 ideo
2254 2067 2298 2106 in
2319 2065 2583 2106 carminibus

150 2136 419 2188 quibusdam
452 2138 595 2178 forma
626 2139 986 2190 monostrophica
1017 2153 1148 2179 usum
1187 2153 1299 2191 esse,
1331 2146 1380 2179 ut
1410 2141 1520 2179 haec
1553 2140 1748 2179 carmina
1779 2139 1822 2179 in
1854 2139 2056 2179 convivio
2089 2139 2145 2177 ab
2177 2136 2421 2188 hospitibus
2456 2148 2583 2174 accu-

152 2206 360 2246 bantibus
402 2215 478 2247 aut
518 2210 574 2248 ab
605 2209 857 2249 hominibus
888 2209 932 2248 in
972 2222 1138 2261 pompa
1177 2210 1522 2261 procedentibus
1555 2216 1850 2251 cantarentur.
1925 2209 2132 2259 Namque
2171 2221 2252 2247 nec
2284 2208 2366 2246 hac
2398 2218 2478 2244 nec
2510 2205 2582 2243 illa

151 2275 320 2315 ratione
353 2278 547 2317 carmina
578 2279 762 2330 epinicia
800 2286 977 2318 cantata
1009 2293 1105 2319 esse
1137 2280 1229 2318 veri
1262 2286 1328 2319 est
1360 2280 1511 2319 simile.
1572 2279 1662 2320 Sed
1694 2286 1871 2319 cantata
1902 2287 2005 2318 sunt
2037 2278 2183 2318 omnia
2217 2278 2370 2317 eadem
2403 2275 2581 2321 ratione,

152 2357 242 2395 qua
271 2347 604 2399 tragoediarum
638 2348 909 2389 Graecarum
943 2356 1091 2401 partes
1124 2350 1335 2396 choricac,
1369 2363 1479 2400 quas
1512 2350 1663 2389 dicunt
1695 2350 1886 2389 stasima.

293 2415 343 2454 In
375 2418 593 2457 nonnullis
625 2419 891 2458 carminibus
924 2419 1304 2470 monostrophicis,
1336 2420 1459 2458 velut
1492 2420 1618 2462 Nem.
1651 2420 1716 2466 II.,
1756 2420 1883 2459 Nem.
1915 2420 2009 2465 IX„
2041 2419 2146 2460 Isth.
2178 2416 2294 2463 VII„
2331 2415 2408 2455 ubi
2438 2415 2580 2465 impar

150 2483 208 2523 sit
222 2486 503 2536 stropharum
521 2501 740 2535 numerus,
773 2488 962 2528 dubitari
984 2503 1072 2528 non
1104 2502 1234 2540 posse
1257 2489 1440 2528 Boeckh
1467 2489 1570 2529 dicit
1602 2488 1650 2541 (Ι,
1691 2503 1721 2529 1.
1747 2488 1880 2539 praef.
1912 2503 1951 2540 p.
1978 2488 2088 2533 KH,
2122 2487 2225 2540 quin
2248 2499 2335 2525 non
2357 2486 2578 2524 alternent

150 2555 359 2605 strophae
382 2562 425 2594 et
448 2556 757 2608 antistrophae,
784 2558 877 2597 aliis
902 2571 1008 2597 vero
1034 2558 1077 2597 in
1100 2558 1376 2605 carminibus,
1409 2565 1457 2598 ut
1480 2558 1548 2599 Ol.
1580 2559 1709 2601 XIV.
1735 2559 1865 2611 Pyth.
1887 2559 1963 2604 VI,
1996 2558 2100 2604 XII,
2123 2557 2250 2597 Nem.
2273 2554 2348 2601 IV,
2371 2552 2576 2606 quamvis

153 2626 414 2679 ambiguum
449 2626 667 2673 videatur,
715 2633 862 2667 utrum
896 2629 1104 2679 strophae
1136 2634 1180 2667 et
1212 2629 1513 2680 antistrophae
1546 2629 1885 2682 distinguendae
1917 2628 2012 2673 sint,
2047 2635 2196 2666 tamen
2228 2624 2433 2674 strophas
2463 2622 2579 2661 solas

156 2695 387 2746 descripsit
418 2697 476 2735 ob
497 2696 542 2735 id
563 2696 718 2747 ipsum,
752 2698 872 2749 quod
908 2697 991 2737 tria
1022 2698 1095 2737 illa
1127 2698 1336 2745 carmina,
1369 2711 1483 2751 quae
1515 2705 1559 2738 et
1589 2699 1685 2750 ipsa
1716 2698 1867 2749 epodis
1900 2703 2060 2744 carent,
2092 2695 2271 2747 „impari
2301 2693 2579 2744 stropharum

153 2778 339 2805 numero
371 2767 643 2808 decurrunt“.

294 2835 500 2875 Diximus
542 2849 694 2887 supra,
746 2836 934 2888 primam
979 2837 1183 2877 carminis
1229 2838 1281 2877 N.
1326 2838 1407 2877 IX.
1451 2839 1679 2889 stropham
1719 2844 1763 2877 et
1801 2843 2066 2891 argumento
2099 2842 2142 2876 et
2173 2832 2522 2885 interpunctione
2554 2844 2580 2869 a

154 2905 310 2944 ceteris
339 2906 531 2957 strophis
568 2906 818 2946 distinctam
857 2920 908 2946 ac
939 2914 1189 2959 separatam
1222 2920 1328 2954 esse,
1375 2914 1587 2959 tanquam
1627 2907 1901 2959 prooemium
1943 2907 2014 2946 vel
2051 2905 2326 2958 praeludium
2364 2900 2579 2942 carminis.

155 2973 204 3014 Si
244 2981 390 3014 cetera
420 2976 599 3015 Pindari
630 2976 814 3028 epinicia
853 2977 1227 3028 monostrophica,
1276 2991 1389 3029 quae
1426 2977 1582 3028 impari
1620 2978 1899 3027 stropharum
1932 2989 2117 3015 numero
2149 2975 2400 3018 decurrunt,
2432 2970 2485 3009 N.
2522 2969 2578 3012 II.

155 3049 200 3083 et
226 3043 336 3094 Jsth.
367 3044 468 3084 VII.
500 3043 670 3098 (VIIL),
702 3046 947 3085 accuratius
979 3046 1415 3092 consideraverimus,
1446 3046 1632 3085 fortasse
1663 3047 1706 3085 in
1738 3047 1804 3085 his
1834 3059 2011 3098 quoque
2048 3045 2234 3084 similem
2266 3042 2479 3082 rationem
2513 3052 2578 3078 ar-

156 3112 359 3165 gumenti
401 3112 850 3167 interpunctionisque
896 3115 1188 3163 inveniemus,
1236 3121 1284 3154 ut
1324 3115 1474 3155 similis
1512 3117 1731 3168 quaedam
1770 3122 1903 3168 atque
1934 3116 1978 3154 in
2015 3116 2068 3154 N.
2107 3115 2189 3156 IX.
2227 3111 2430 3154 cantandi
2467 3109 2577 3148 ratio

155 3181 393 3232 probabilis
425 3190 647 3232 appareat,

297 3251 350 3291 In
391 3250 580 3301 Jsthmio
611 3251 711 3292 VII.
744 3252 898 3306 (VIII.)
938 3255 1191 3301 secundam,
1238 3261 1454 3306 quartam,
1507 3261 1682 3294 sextam
1734 3256 1962 3306 stropham
2005 3256 2061 3294 ab
2104 3255 2154 3294 iis
2192 3267 2304 3306 quae
2335 3254 2579 3304 sequuntur

156 3320 322 3360 maiore
381 3320 732 3373 interpunctione
782 3323 984 3363 videmus
1036 3324 1274 3364 distinctas.
1362 3324 1479 3376 Quid
1531 3325 1684 3378 igitur,
1741 3325 1778 3364 si
1831 3324 1998 3375 priores
2057 3338 2138 3364 sex
2189 3323 2391 3375 strophas
2441 3323 2502 3362 ita
2552 3335 2580 3362 a

147 3388 292 3429 choro
323 3396 523 3430 cantatas
563 3391 834 3443 saltatasque
865 3405 961 3431 esse
993 3393 1248 3440 conicimus,
1293 3399 1341 3432 ut
1378 3393 1569 3445 strophis
1606 3394 1911 3446 responderint
1949 3393 2257 3445 antistrophae,
2304 3398 2580 3444 postremam
