2740 3755
1191 413 1240 454 12

6 572 100 604 erat
131 566 372 605 contentus,
406 558 485 597 sed
514 556 586 595 vel
618 560 770 594 contra
801 552 985 591 deorum
1017 547 1298 588 manifestam
1329 545 1606 585 voluntatem
1638 556 1727 583 una
1758 555 1860 582 cum
1889 542 2167 595 Amphiarao
2198 541 2426 594 profectus

6 640 73 674 est
104 636 255 671 contra
285 628 480 668 Thebas:
513 622 798 678 φαινομέναν
831 618 950 670 δἀ”ρ“
984 619 1029 658 ἐς·
1062 619 1184 657 α”ταν
1215 616 1406 657 σπεῦδεν
1437 610 1586 664 ὅμιλος
1623 612 1807 652 ἱκέσθαι.
1878 611 2108 651 Perierunt
2144 611 2236 651 fere
2268 624 2427 651 omnes

7 701 54 740 ἐν
84 699 342 744 δαιμονίοισι
373 693 542 748 φόβοις.
604 691 676 731 Dii
707 690 822 730 enim
853 688 1126 728 immiserant
1164 685 1247 738 ipsi
1276 684 1471 724 subitum
1502 689 1716 722 terrorem
1741 680 2129 733 turpissimamque
2159 679 2335 734 fugam,
2375 686 2427 720 ut

5 768 316 808 ulciscerentur
346 762 596 816 superbiam
627 761 747 800 illam
777 758 1047 809 nimiamque
1079 755 1146 795 sui
1177 753 1504 794 confidentiam.

145 835 212 875 Ita
233 847 291 873 ex
311 832 507 886 mythica
529 829 731 870 carminis
751 834 876 880 parte
898 826 989 866 fere
1013 826 1131 865 idem
1153 823 1359 876 sequitur,
1381 822 1501 874 quod
1526 819 1663 861 Solon
1683 819 1798 860 notis
1818 819 1901 859 illis
1918 832 1968 860 ac
1983 819 2260 872 pervulgatis
2278 818 2427 859 verbis

9 904 243 957 expressit:
276 898 435 951 ιΜηδὲν
467 901 608 953 ἄγαν.
671 896 983 949 Temperantia
1015 895 1151 949 igitur
1182 893 1519 933 commendatur
1549 890 1711 933 fabula,

145 972 246 1012 Hoc
275 970 471 1024 plerique
500 969 761 1020 interpretes
792 972 912 1007 recte
942 965 1256 1005 intellexerunt
1294 974 1439 1013 neque
1477 966 1630 1000 tamen
1668 960 1752 998 hac
1791 959 1837 998 in
1869 958 2068 1013 generali
2107 957 2288 998 fabulae
2329 970 2428 997 sen-

5 1041 141 1081 tentia
173 1040 495 1092 acquieverunt.
577 1036 625 1077 Si
664 1042 812 1075 autem
845 1033 1250 1086 comparaverimus
1288 1044 1389 1071 cum
1421 1029 1619 1083 mythica
1660 1028 1864 1069 carminis
1904 1035 2030 1080 parte
2062 1028 2264 1075 alteram,
2311 1040 2428 1079 quae

3 1123 166 1163 preces,
197 1109 359 1155 laudes,
391 1106 710 1147 admonitiones
742 1104 952 1150 continet,
984 1102 1232 1142 videbimus
1262 1107 1442 1153 poetam
1474 1100 1518 1139 in
1550 1099 1674 1139 exitu
1704 1098 1834 1138 huius
1856 1098 2033 1138 alterius
2064 1097 2200 1150 partis
2232 1097 2421 1137 similem

9 1180 231 1231 quandam
263 1177 526 1217 sententiam
557 1187 803 1228 proponere
835 1187 886 1213 ac
917 1173 1060 1225 priore
1090 1177 1226 1224 parte.
1298 1170 1417 1210 Dicit
1449 1169 1564 1210 enim
1595 1181 1659 1208 vs.
1692 1170 1759 1218 46.
1796 1180 1859 1220 sq.
1892 1168 1929 1207 εἰ
1955 1166 2048 1218 γὰρ
2082 1165 2182 1220 ἅμα
2220 1164 2418 1206 κτεάνοις

3 1249 180 1286 πολλοῖς
234 1245 440 1286 ἐπίδοξον
487 1243 654 1294 ἄρηται
701 1240 856 1289 κῦδος,
906 1239 1044 1280 οὐκέτ’
1089 1240 1175 1277 ἔστι
1217 1238 1389 1278 θνατὸν
1433 1238 1491 1276 ἔτι
1535 1231 1722 1276 σκοπιάς
1774 1237 1932 1276 α”λλας
1961 1234 2228 1288 ἐφαψασδαι
2256 1235 2426 1290 ποδοῖν.

3 1314 246 1366 Postquam
277 1313 505 1353 Aetnaeos
535 1311 733 1351 laudavit
764 1311 822 1350 ob
852 1309 1037 1349 virtutes
1069 1307 1250 1348 bellicas
1283 1320 1334 1346 ac
1365 1306 1527 1353 civiles,
1565 1305 1779 1357 imprimis
1811 1304 2006 1344 Chromii
2036 1302 2342 1343 fortitudinem
2375 1314 2428 1341 ac

2 1383 279 1436 prudentiam
311 1382 495 1422 summis
542 1380 744 1421 laudibus
785 1378 979 1425 sustulit,
1012 1378 1074 1417 sic
1104 1377 1270 1430 pergit:
1303 1376 1350 1414 ἐκ
1381 1374 1538 1415 πόνων
1570 1373 1619 1421 δ’,
1660 1377 1704 1413 οἳ
1742 1371 1828 1412 σὺν
1868 1370 2044 1413 νεότατι
2083 1372 2306 1424 γένωνται
2339 1368 2428 1411 σύν

3 1465 47 1490 τε
77 1452 191 1502 δέκα,
221 1450 380 1490 τελέθει
409 1449 524 1500 πρὸς·
552 1452 707 1501 γῆρας·
737 1446 852 1487 αι’ων
873 1446 1025 1497 ἁμέρα
1057 1459 1065 1466 ·
1097 1450 1207 1486 ἴστω
1227 1443 1391 1495 λαχών
1420 1442 1527 1494 πρὸς
1568 1439 1796 1492 δαιμόνων
1816 1439 2088 1491 θαυμαστὸν
2109 1440 2268 1490 ὄλβον.
2331 1439 2430 1487 „Ex

3 1519 227 1559 laboribus
257 1519 302 1559 in
332 1518 562 1558 iuventute
591 1517 705 1556 iuste
735 1516 926 1568 peractis
957 1514 1238 1555 efflorescunt
1269 1512 1364 1553 seni
1394 1511 1487 1551 dies
1519 1510 1667 1563 quieti.
1749 1510 1818 1549 Tu
1850 1522 1973 1556 vero,
2018 1508 2243 1556 Chromie,
2291 1522 2317 1548 a
2347 1509 2431 1549 diis

4 1588 248 1628 mirabilem
279 1594 436 1628 nactus
468 1600 515 1627 es
546 1585 834 1626 felicitatem.“

145 1657 314 1710 Quodsi
345 1657 551 1697 continuo
582 1661 716 1708 poeta
746 1653 1009 1694 sententiam
1041 1653 1160 1692 illam
1194 1651 1468 1704 generalem,
1501 1662 1635 1702 quam
1667 1649 1801 1688 modo
1834 1647 2078 1695 citavimus,
2111 1647 2250 1694 addit,
2284 1647 2431 1687 ουκέτ’

4 1725 90 1765 ἔστι
120 1725 278 1775 πόρσω
309 1732 400 1772 etc„
433 1725 538 1778 quid
568 1725 678 1764 haec
710 1723 858 1763 omnia
888 1723 969 1763 sibi
1001 1723 1183 1762 volunt?
1224 1721 1382 1760 Nonne
1412 1719 1530 1759 idem
1561 1719 1647 1758 hoc
1678 1719 1776 1759 loco
1798 1724 2005 1758 monetur
2025 1717 2172 1757 verbis
2195 1717 2431 1770 expressis,

4 1797 123 1849 quod
154 1802 285 1836 antea
314 1801 446 1848 poeta
475 1794 837 1847 pronuntiaverat
868 1792 1052 1833 Adrasti
1084 1791 1290 1842 exemplo
1322 1788 1578 1842 proposito?

146 1865 402 1906 Chromium
423 1863 611 1904 strenuis
643 1863 866 1903 laboribus
888 1874 1109 1902 summam
1133 1865 1395 1900 consecutus
1427 1864 1494 1898 est
1525 1864 1569 1898 et
1601 1858 1789 1911 gloriam
1822 1863 1866 1897 et
1890 1855 2134 1897 fortunam:
2167 1856 2422 1909 acquiescat

5 1935 49 1974 in
79 1935 148 1982 iis,
200 1947 312 1987 quae
347 1934 493 1973 habet.
574 1933 822 1985 Hucusque
861 1945 909 1971 se
950 1929 1159 1970 abstinuit
1197 1928 1352 1968 iniuria
1393 1928 1628 1980 omniaque
1668 1927 1761 1981 egit
1793 1925 1880 1967 σύν
1913 1928 2042 1979 δι’κᾳε
2093 1939 2150 1966 ne
2180 1926 2344 1965 incidat
2380 1925 2427 1964 in

8 2004 261 2056 superbiam
293 2015 408 2042 neve
440 2002 647 2042 admittat
676 2000 812 2041 nefas.
887 2001 956 2041 Ne
988 2000 1092 2052 quid
1123 1998 1276 2039 nimis!
1348 1997 1445 2036 Iam
1484 2002 1720 2036 contentus
1758 1996 1824 2036 sit.
1906 1995 2039 2048 Quod
2071 1995 2295 2035 Adrastus
2326 2008 2430 2035 cum

7 2086 86 2113 sua
116 2085 384 2125 suorumque
414 2071 604 2125 pernicie
644 2072 907 2124 neglexerat
937 2072 981 2109 in
1012 2082 1187 2109 summo
1227 2067 1430 2107 fortunae
1469 2066 1664 2120 fastigio,
1707 2079 1763 2106 ne
1794 2066 1838 2105 id
1877 2065 2084 2119 negligat
2116 2064 2350 2108 Chromius
2382 2070 2429 2103 et

6 2141 110 2194 ipse.
170 2141 360 2181 Fruatur
389 2141 535 2193 potius
566 2141 693 2180 bonis
723 2140 812 2180 iam
842 2140 990 2192 partis.
2411 2131 2417 2138 ’

148 2210 217 2250 Ita
245 2210 360 2262 parti
380 2210 604 2263 mythicae
630 2216 674 2249 et
705 2210 830 2249 alteri
859 2209 973 2262 parti
998 2207 1213 2254 carminis
1244 2206 1289 2246 in
1320 2219 1408 2259 qua
1428 2212 1570 2258 poeta,
1603 2212 1652 2245 ut
1682 2204 1874 2245 Dissenii
1904 2210 2004 2244 utar
2034 2204 2185 2251 verbo,
2217 2202 2431 2243 directam

10 2279 207 2320 adhibuit
237 2279 493 2326 orationem,
524 2292 613 2318 una
644 2279 888 2330 eademque
919 2278 1073 2317 subest
1103 2276 1321 2316 sententia
1353 2275 1586 2329 generalis.

149 2348 390 2389 Rationem
424 2354 572 2388 autem
605 2361 722 2394 eam,
767 2360 855 2399 qua
884 2357 1016 2399 poeta
1047 2344 1228 2385 carmini
1257 2344 1453 2384 fabulam
1485 2344 1684 2391 inseruit,
1731 2329 2009 2396 aptissimam*
2037 2341 2343 2381 existimamus
2375 2340 2433 2380 ad

11 2418 319 2458 celebrandam
362 2417 590 2457 victoriam
622 2416 813 2470 Sicyone
852 2422 1037 2468 partam.
1112 2415 1318 2466 Namque
1349 2412 1496 2465 Φοίβῳ
1528 2412 1669 2461 θῆκεν
1697 2413 1949 2462 ’Ἄδραστος
1988 2407 2049 2450 ἐπ’
2087 2403 2298 2450 Ἀσωποῦ
2339 2407 2432 2462 ῥεέ-

12 2486 132 2535 θροις
169 2486 343 2538 (Ξππίων
375 2485 534 2525 ἄθλων
569 2484 819 2538 κορυφάν).
899 2485 1126 2524 Ludorum
1165 2484 1301 2537 igitur
1347 2482 1619 2522 conditorem
1666 2480 1815 2532 itaque
1854 2479 2085 2519 victoriam
2133 2484 2178 2519 et
2215 2478 2432 2519 victorem

10 2553 153 2606 ipsum
209 2555 507 2595 celebraturus
551 2554 654 2594 dicit
693 2553 937 2605 ἐπασκήσω
985 2555 1163 2593 κλυταῖς
1220 2549 1356 2603 ἥρωα
1395 2557 1536 2601 τιμαῖς
1586 2556 1823 2602 narratque
1866 2548 1993 2601 quasi
2040 2562 2098 2588 ex
2140 2548 2244 2601 lege
2285 2546 2433 2600 poesis

14 2624 212 2664 choricae
253 2624 423 2664 variam
462 2624 607 2663 herois
647 2623 882 2663 fortunam.
959 2623 1116 2675 Neque
1154 2622 1281 2661 nobis
1320 2621 1496 2660 videtur
1526 2619 1778 2672 quaerenda
1809 2631 1905 2658 esse
1946 2631 2049 2658 cum
2080 2616 2317 2658 Leutschio
2348 2614 2435 2654 alia

14 2705 156 2739 causa,
188 2706 266 2732 cur
294 2699 426 2745 poeta
451 2692 642 2745 priorem
664 2691 840 2731 fabulae
863 2698 1036 2744 partem
1061 2690 1305 2730 narraverit
1336 2690 1489 2742 (usque
1521 2689 1578 2728 ad
1608 2701 1671 2730 vs.
1710 2688 1798 2739 17.).
1858 2687 2046 2727 Adrasti
2075 2686 2281 2727 laudibus
2313 2696 2435 2725 com-

13 2761 267 2801 modissime
287 2763 556 2813 respondent
585 2761 630 2801 in
661 2762 799 2801 altera
828 2766 954 2813 parte
986 2759 1188 2800 carminis
1215 2759 1368 2798 laudes
1400 2757 1605 2798 Chromii.

153 2829 243 2870 Sed
274 2831 330 2870 de
355 2831 672 2883 compositione
694 2830 938 2870 carminum
961 2829 1243 2882 epiniciorum
1276 2841 1302 2867 a
1332 2827 1523 2867 Pindaro
1554 2839 1644 2866 non
1673 2826 1854 2866 inventa
1885 2826 2063 2878 quidem
2095 2824 2175 2864 sed
2206 2829 2325 2864 certe
2356 2823 2434 2863 ex-

15 2899 143 2946 culta,
175 2913 309 2951 quarn
339 2905 491 2939 nostra
515 2899 728 2939 memoria
759 2899 944 2953 Mezger
975 2905 1018 2938 et
1039 2899 1236 2938 Lubbert
1267 2910 1294 2935 a
1323 2897 1580 2948 Terpandro
1607 2896 1752 2936 denuo
1773 2895 2007 2948 repetitam
2029 2894 2196 2940 volunt,
2228 2892 2313 2932 alio
2333 2892 2436 2931 loco

16 2972 62 3006 et
91 2973 291 3020 tempore
320 2968 551 3007 hominum
584 2967 940 3008 doctissimorum
971 2966 1211 3007 sententias
1243 2964 1532 3007 conferemus.
