2740 3755
699 1012 805 1078 De
858 1010 1426 1076 difficultatibus
1478 1010 1923 1094 quibusdam

559 1141 636 1205 in
702 1140 1009 1205 Pindari
1077 1139 1530 1204 carminibus
1599 1138 2065 1222 explicandis.

229 1414 441 1468 Quisquis
481 1413 661 1454 Pindari
705 1412 901 1453 carmina
947 1412 1194 1453 accuratius
1233 1410 1474 1463 inspexerit
1521 1417 1564 1450 et
1609 1409 1900 1457 adamaverit,
1952 1423 2041 1449 non
2085 1410 2228 1449 solum
2268 1410 2526 1462 deplorabit,

83 1486 207 1538 quod
244 1499 303 1525 ex
341 1483 643 1537 septendecim
682 1489 842 1536 poetae
873 1483 1009 1530 libris,
1050 1496 1162 1535 quos
1200 1480 1360 1522 Suidas
1400 1487 1443 1519 et
1474 1480 1580 1520 Vita
1618 1480 1742 1519 Vrat.
1782 1486 2061 1527 enumerant,
2106 1485 2315 1531 quattuor
2351 1486 2524 1520 tantum

24 1558 27 1559 ⁷
85 1568 233 1608 neque
277 1554 307 1594 ii
348 1553 547 1594 omnium
599 1553 846 1607 dignissimi
893 1553 1021 1593 nobis
1068 1552 1231 1592 servati
1283 1557 1401 1597 sunt,
1454 1550 1532 1589 sed
1581 1549 1624 1589 in
1668 1549 1734 1596 iis,
1787 1562 1902 1601 quae
1952 1555 2204 1602 supersunt,
2257 1549 2524 1589 carminibus

85 1625 273 1664 aliarum
330 1636 510 1677 quoque
560 1623 805 1662 litterarum
855 1621 1127 1662 Graecarum
1174 1622 1407 1667 iacturam,
1470 1619 1682 1672 imprimis
1733 1619 2041 1659 historicarum
2105 1619 2349 1673 aegerrime
2402 1618 2525 1662 feret.

81 1694 183 1747 Jam
215 1700 391 1735 veteres
424 1693 706 1747 grammatici
728 1692 967 1732 Pindarum
1001 1691 1306 1731 difficillimum
1341 1703 1437 1729 esse
1468 1690 1692 1729 intellectu
1719 1702 1874 1729 omnes
1896 1695 2223 1737 consenserunt,
2256 1702 2307 1728 ac
2329 1688 2526 1728 maxime

83 1771 270 1817 propter
315 1763 490 1803 dicendi
533 1776 678 1816 genus
729 1761 1043 1815 gravissimum
1091 1761 1151 1800 ita
1198 1761 1507 1814 judicaverunt
1569 1759 1745 1799 Pindari
1796 1773 1885 1799 non
1931 1759 2075 1798 minus
2123 1772 2257 1811 quam
2309 1757 2525 1810 Aeschyli

86 1834 328 1886 proprium.
419 1832 498 1873 Ad
543 1833 659 1872 hanc
705 1845 813 1871 vero
861 1831 1166 1871 difficultatem
1224 1845 1357 1883 quam
1409 1829 1666 1869 elocutionis
1712 1830 1823 1869 ratio
1870 1828 2008 1876 offert,
2052 1829 2096 1868 in
2148 1828 2359 1881 epiniciis,
2411 1840 2525 1879 quae

86 1903 304 1951 dicuntur,
336 1903 538 1956 legendis
570 1902 689 1942 aliud
721 1902 947 1954 quoddam
981 1907 1048 1940 est
1084 1901 1413 1952 impedimento,
1447 1901 1566 1951 quod
1602 1899 1645 1938 in
1685 1901 1818 1939 rebus
1855 1899 1989 1945 inest,
2032 1911 2146 1950 quae
2178 1911 2204 1937 a
2241 1904 2373 1949 poeta
2412 1904 2524 1936 trac-

86 1979 250 2020 tantur,
281 1986 397 2022 quae
422 1986 492 2012 res
514 1973 648 2012 modo
675 1973 732 2011 ad
752 1971 967 2011 victorem
995 1971 1068 2010 vel
1096 1970 1272 2010 victoris
1299 1976 1481 2022 gentem
1504 1969 1760 2021 patriamve,
1792 1969 1926 2008 modo
1949 1969 2005 2007 ad
2025 1968 2169 2020 ipsum
2191 1974 2369 2019 poetam
2395 1967 2525 2018 perti-

86 2048 236 2085 neant.
298 2042 391 2082 Ubi
427 2048 561 2095 poeta
593 2041 810 2081 eiusmodi
845 2054 916 2080 res
955 2040 1132 2080 uberius
1164 2040 1387 2086 tractavit,
1427 2053 1484 2078 ex
1515 2039 1610 2091 ipsa
1639 2038 1911 2078 tractationis
1942 2038 2111 2077 ratione
2142 2037 2334 2089 ipsisque
2365 2042 2524 2088 poetae

87 2111 237 2151 verbis
277 2124 598 2164 nonnunquam
630 2110 881 2163 perspicere
921 2123 973 2149 ac
1015 2123 1288 2163 cognoscere
1329 2122 1566 2162 possumus
1607 2122 1677 2155 ea,
1716 2121 1830 2160 quae
1870 2108 1927 2147 ad
1966 2107 2304 2160 intelligendum
2347 2119 2525 2145 carmen

87 2181 341 2221 necessaria
386 2187 509 2229 sunt,
556 2181 600 2220 id
637 2181 758 2233 quod
794 2179 888 2219 fieri
928 2193 1017 2219 non
1053 2186 1219 2232 potest,
1260 2179 1336 2218 ubi
1381 2184 1514 2230 poeta
1559 2191 1629 2217 res
1665 2190 1822 2230 parum
1859 2183 1987 2216 notas
2023 2176 2174 2228 paucis
2211 2176 2345 2215 modo
2376 2175 2525 2214 verbis

88 2250 247 2289 leviter
276 2251 436 2304 tetigit.

232 2319 364 2359 Aliae
395 2319 676 2361 difficultates
706 2320 750 2360 in
783 2319 974 2372 epiniciis
1020 2319 1291 2371 explicandis
1322 2318 1492 2358 ratione
1522 2317 1774 2370 rhythmica
1805 2330 1856 2357 ac
1888 2316 2071 2356 metrica
2102 2314 2368 2362 efficiuntur,
2412 2313 2523 2353 aliae

89 2389 305 2442 singulari
336 2390 581 2430 carminum
614 2390 1025 2442 componendorum
1058 2396 1152 2428 arte
1184 2388 1426 2434 Pindarica‚
1461 2387 1622 2440 quippe
1655 2400 1768 2439 quae
1801 2387 1856 2426 ab
1895 2385 2092 2425 omnium
2133 2392 2364 2437 poetarum
2407 2390 2521 2423 cete-

89 2472 241 2498 rorum
275 2464 369 2498 arte
401 2460 732 2511 compositionis
764 2459 961 2499 maxime
994 2459 1242 2499 abhorreat.

233 2529 305 2568 De
336 2529 558 2569 nonnullis
590 2530 805 2570 eiusmodi
837 2528 1168 2569 difficultatibus
1200 2541 1343 2580 pauca
1374 2527 1597 2580 quaedam
1630 2527 1714 2566 hoc
1747 2527 1844 2565 loco
1877 2524 2076 2565 collaturi
2107 2536 2272 2563 sumus,

232 2597 399 2638 Notum
433 2604 501 2637 est
540 2600 752 2638 nonnulla
783 2599 961 2638 Pindari
1001 2598 1196 2638 carmina
1236 2597 1420 2650 epinicia
1453 2597 1604 2649 epodis
1637 2609 1796 2636 carere.
1866 2595 2110 2634 Videamus
2140 2593 2250 2640 iarn,
2292 2604 2406 2644 quae
2440 2590 2521 2630 viri

92 2667 336 2707 doctissimi
368 2668 424 2707 de
455 2668 539 2707 hac
571 2668 816 2709 carminum
848 2668 1019 2708 ratione
1050 2667 1324 2720 protulerint.

236 2736 408 2789 Quibus
456 2736 600 2776 causis
646 2736 878 2785 Pindarus,
935 2743 984 2777 ut
1020 2737 1232 2776 nonnulla
1276 2736 1471 2776 carmina
1517 2734 1700 2788 epinicia
1742 2731 2088 2786 μονοστροφικά
2124 2735 2357 2784 pangeret,
2405 2742 2523 2769 com-

89 2812 241 2846 motus
272 2806 338 2854 sit,
370 2807 572 2847 diversae
604 2806 882 2847 coniecturae
913 2806 1056 2846 factae
1088 2813 1202 2845 sunt.

232 2876 473 2928 Westphal
504 2876 910 2928 monostrophicam
943 2876 1187 2916 carminum
1229 2875 1419 2915 formam
1451 2874 1740 2915 vetustiorem
1781 2877 1900 2912 recte
1933 2870 2182 2923 appellavit.
2252 2868 2340 2908 Cur
2371 2872 2519 2907 autem

89 2946 309 2986 Pindarus
339 2946 560 2986 interdum
593 2946 835 2986 vetustiore
866 2946 939 2986 illa
970 2945 1113 2985 forma
1144 2959 1254 2985 usus
1286 2946 1352 2993 sit,
1385 2945 1452 2984 vir
1483 2944 1764 2985 doctissimus
1796 2955 1884 2981 non
1917 2939 2248 2982 demonstravit.

235 3015 282 3055 L.
325 3014 530 3056 Schmidt
578 3017 655 3059 (de
701 3015 880 3055 Pindari
921 3016 1013 3056 vita
1053 3022 1097 3055 et
1134 3016 1257 3068 poesi
1302 3030 1342 3068 p.
1382 3018 1454 3067 90)
1497 3015 1725 3066 complura
1768 3011 1962 3051 carmina
2008 3008 2366 3061 monostrophica
2408 3005 2518 3045 falso

91 3085 285 3137 epiniciis
315 3085 556 3125 Pindaricis
586 3085 791 3125 immixta
823 3099 919 3125 esse
950 3086 1032 3125 sibi
1063 3085 1290 3138 persuasit.
1352 3084 1558 3124 Carmina
1589 3083 1809 3134 quaedam
1830 3082 1962 3133 paulo
1994 3080 2163 3119 minora
2183 3085 2372 3131 poetam,
2405 3075 2521 3114 sicut

91 3156 140 3195 P.
177 3155 278 3194 VII.
316 3161 360 3194 et
392 3154 461 3195 Ol.
496 3156 562 3203 X,
608 3169 697 3196 non
735 3156 1051 3208 composuisse,
1086 3155 1244 3208 quibus
1270 3154 1374 3206 ipsis
1406 3153 1611 3193 victorias
1643 3152 1860 3204 quasdam
1893 3151 2150 3195 celebraret,
2198 3148 2276 3187 sed
2308 3144 2520 3197 ampliora

90 3224 289 3264 carmina
309 3224 549 3264 victoribus
567 3225 853 3277 promitteret.
916 3224 1062 3277 Quam
1095 3226 1152 3263 ob
1176 3237 1355 3264 causam
1377 3224 1450 3263 illa
1481 3222 1676 3263 carmina
1697 3222 1867 3260 minora
1897 3219 2023 3272 quasi
2048 3218 2254 3271 epistolas
2288 3227 2385 3255 esse
2416 3226 2520 3266 poe-

89 3295 213 3342 ficas,
245 3294 405 3346 quibus
426 3293 644 3333 Pindarus
666 3308 765 3334 sese
786 3296 886 3347 plus
912 3295 989 3334 otii
1009 3300 1190 3333 nactum
1213 3292 1569 3346 magnificentius
1593 3291 1783 3331 victores
1806 3290 2087 3329 laudaturum
2110 3300 2206 3327 esse
2228 3284 2522 3338 polliceretur.

90 3364 248 3416 Atque
269 3370 373 3404 sunt
394 3363 573 3416 quidem
595 3364 808 3403 nonnulla
832 3365 1027 3403 carmina
1048 3363 1417 3414 monostrophica,
1449 3362 1572 3401 velut
1593 3360 1661 3400 Ol.
1687 3359 1815 3399 XIV.
1841 3359 1969 3411 Pyth.
1991 3357 2096 3397 XII.
2127 3356 2180 3396 N.
2206 3355 2271 3401 IL,
2302 3352 2522 3397 breviora,

90 3439 142 3472 ut
171 3432 299 3473 facile
329 3433 456 3473 nobis
487 3433 845 3485 persuadeamus,
878 3446 931 3473 ea
961 3433 1156 3473 carmina
1186 3431 1428 3471 Pindarum
1462 3430 1743 3470 festinantem
1777 3428 2014 3481 scripsisse.
