2740 3755
1290 397 1314 435 6

216 531 447 573 Eiusmodi
472 529 654 582 κώμους
683 531 725 569 h.
742 543 778 570 c.
803 530 958 569 turbas
977 529 1190 569 iuvenum
1216 529 1484 569 lascivorum
1508 529 1918 583 semigraviumque
1949 545 2028 584 per
2049 531 2143 571 vias
2166 532 2286 572 urbis
2307 534 2522 574 volitasse

74 603 249 643 etiamsi
279 615 368 642 non
398 613 630 654 negemus,
661 606 814 639 tamen
845 599 1122 647 dubitamus,
1162 612 1271 638 num
1312 599 1357 639 id
1389 598 1639 639 Schmidtio
1680 609 1783 639 ante
1815 601 1967 641 oculos
1999 602 2287 642 obversatum
2327 602 2383 642 sit
2414 616 2517 643 cum

73 685 286 725 pompam
328 670 598 723 („Festzug“)
630 669 835 709 convivio
875 669 1144 709 successisse
1184 669 1357 709 dixerit.
1419 670 1618 722 Pompae
1656 670 1894 709 sollemnes
1935 672 1991 710 ad
2030 673 2247 724 templum
2290 673 2517 724 quoddam

75 743 363 787 ducebantur,
394 739 469 779 ubi
500 739 583 779 diis
613 738 827 779 sacrificia
856 739 939 778 rite
969 738 1139 781 fierent.
1200 738 1293 780 Sed
1321 740 1433 780 haec
1453 741 1682 780 hactenus.
1744 740 1949 779 Pluribus
1980 740 2068 780 iam
2089 755 2179 781 non
2200 742 2376 782 videtur
2406 755 2522 795 opus

72 825 173 851 esse
212 812 269 850 ad
300 808 535 850 Schmidtii
564 809 830 849 sententiam
868 808 1163 850 refutandam.

214 881 309 920 Iam
350 880 574 926 videmus,
627 893 743 931 quae
783 879 989 920 Schmidt
1030 879 1075 919 in
1106 879 1280 919 Nemeo
1323 893 1443 920 nono
1484 880 1750 932 explicando
1796 893 1853 920 ex
1907 880 2268 932 monostrophica
2311 882 2519 923 carminis

74 950 220 990 forma
260 950 494 997 conclusit,
536 949 715 1002 probari
753 963 844 989 non
881 962 1028 1001 posse.
1106 950 1202 989 Nec
1242 950 1370 989 Nem.
1411 950 1494 989 IX.
1534 963 1682 1002 neque
1722 950 1861 989 ullum
1909 950 2028 989 aliud
2068 949 2246 990 Pindari
2282 951 2522 1003 epinicium:

70 1021 117 1060 in
150 1019 354 1060 convivio
385 1025 613 1059 cantatum
647 1025 724 1060 est.
785 1018 958 1058 Eadem
992 1018 1110 1058 enim
1142 1020 1215 1059 vel
1247 1019 1405 1059 similia
1435 1033 1580 1072 neque
1613 1019 1758 1060 minus
1791 1020 1948 1074 gravia
1979 1027 2263 1074 argumenta,
2296 1035 2431 1074 quam
2472 1022 2523 1062 in

74 1090 128 1130 N.
168 1090 251 1129 IX.
293 1088 426 1128 etiam
467 1088 511 1127 in
552 1087 646 1127 aliis
687 1087 956 1128 carminibus
996 1088 1057 1128 illi
1096 1089 1304 1128 cantandi
1347 1089 1524 1137 rationi,
1569 1103 1703 1142 quam
1738 1088 1942 1130 Schmidt
1988 1090 2031 1130 in
2063 1091 2116 1131 N.
2156 1091 2239 1131 IX.
2276 1092 2525 1145 proposuit,

72 1166 340 1213 repugnant.

213 1229 375 1268 Dissen
407 1240 464 1267 ex
495 1227 644 1267 verbis
673 1225 1160 1278 κωμάσομεν-ὄλβιον
1187 1230 1226 1269 ἐς
1258 1230 1463 1279 Χρομίου
1496 1225 1611 1279 δῶμ’
1641 1230 1857 1270 conclusit
1879 1229 2136 1270 Chromium
2169 1230 2296 1283 quasi
2322 1229 2528 1284 Sicyone¹

71 1299 274 1338 Aetnam
305 1298 566 1337 redeuntem
597 1310 810 1350 pompam
843 1298 1106 1337 sollemnem
1139 1298 1241 1338 inde
1273 1312 1299 1338 a
1329 1299 1468 1350 portis
1494 1312 1574 1351 per
1598 1299 1695 1339 vias
1726 1299 1847 1339 urbis
1873 1300 2054 1339 duxisse
2087 1300 2142 1339 ad
2165 1300 2350 1340 domum
2374 1314 2517 1341 suam.

72 1369 197 1408 Licet
218 1373 367 1407 autem
391 1367 620 1414 Pindarus,
642 1380 743 1406 cum
767 1367 990 1419 scripserit
1012 1366 1291 1418 κωμάσομεν
1314 1370 1495 1417 Momm,
1527 1369 1647 1408 illam
1670 1383 1848 1422 quoque
1869 1370 2115 1422 respexerit
2136 1383 2361 1422 pompam,
2395 1384 2516 1423 quae

72 1451 177 1478 cum
198 1438 286 1478 hoc
308 1437 501 1478 carmine
523 1444 746 1489 cantuque
766 1437 888 1477 haud
916 1437 1049 1477 dubie
1071 1437 1218 1489 aliquo
1241 1438 1376 1477 modo
1409 1439 1721 1492 coniungenda
1753 1438 1842 1486 fuit,
1875 1446 2025 1479 tamen
2058 1442 2196 1479 verba
2227 1453 2315 1492 qua
2344 1440 2516 1480 ratione

71 1507 235 1547 Dissen
265 1507 495 1557 intellexit,
524 1520 614 1546 non
644 1507 927 1559 percipienda
952 1513 1066 1547 sunt.
1129 1506 1262 1559 Quod
1293 1514 1427 1559 poeta
1458 1508 1614 1548 Musas
1645 1509 1689 1548 in
1721 1510 1875 1548 urbem
1899 1509 2097 1548 Aetnam
2131 1509 2358 1549 arcessivit
2388 1510 2516 1562 quasi

72 1591 176 1617 cum
209 1590 375 1629 pompa
412 1577 616 1617 sollemni
637 1576 831 1630 Sicyone
861 1577 964 1617 illuc
996 1578 1299 1629 procedentes,
1331 1578 1545 1630 imprimis
1572 1579 1750 1631 quidem
1783 1579 1827 1618 id
1859 1579 1970 1627 fecit,
2004 1588 2052 1619 ut
2083 1581 2169 1618 hoc
2201 1592 2380 1619 carmen
2403 1581 2514 1619 deae

72 1647 196 1698 ipsae
226 1648 352 1699 quasi
382 1654 560 1687 nectere
592 1654 637 1686 et
669 1648 726 1686 ad
755 1646 891 1686 finem
924 1648 1167 1699 perducere
1202 1647 1458 1687 viderentur
1491 1646 1604 1698 (ἀλλ’
1640 1649 1780 1689 ἐπέων
1813 1650 1921 1701 κτλ.)
1985 1649 2174 1689 Carmen
2207 1649 2323 1688 enim
2357 1662 2517 1701 quam-

71 1717 141 1756 vis
171 1717 316 1756 multo
347 1723 450 1756 ante
481 1730 508 1756 a
537 1723 672 1768 poeta
701 1716 969 1768 perfectum,
1011 1730 1113 1756 cum
1156 1718 1399 1757 canebatur
1438 1731 1464 1757 a
1495 1719 1649 1765 choro,
1692 1719 1850 1758 Musae
1893 1719 2151 1759 canentibus
2193 1719 2319 1771 quasi
2358 1718 2513 1760 inflare

71 1788 348 1826 videbantur.
409 1786 512 1826 Non
543 1793 677 1838 poeta
708 1787 829 1826 solus
862 1787 942 1826 sed
974 1786 1107 1826 etiam
1140 1787 1380 1827 choreutae
1418 1795 1628 1827 canentes
1661 1788 1893 1828 Musarum
1934 1789 2098 1829 auxilio
2140 1790 2335 1842 egebant
2366 1802 2519 1841 neque

70 1871 161 1897 non
192 1870 375 1896 necesse
407 1869 504 1896 esse
535 1856 770 1896 videbatur
801 1857 908 1896 deas
939 1856 1145 1896 tibiarum
1178 1870 1358 1908 quoque
1390 1864 1434 1897 et
1466 1858 1736 1897 cithararum
1770 1858 1918 1897 cantui
1948 1858 2109 1897 favere.

213 1927 283 1966 Ea
314 1932 439 1966 erant
470 1927 804 1977 quodammodo
836 1926 1069 1966 Musarum
1101 1926 1284 1966 Aetnae
1317 1941 1513 1969 munera.
1577 1928 1726 1968 Primo
1766 1928 1902 1982 igitur
1932 1941 2063 1968 versu
2106 1935 2239 1979 poeta
2278 1940 2326 1967 se
2364 1927 2512 1979 ipsum

73 2004 119 2037 et
150 1996 410 2037 Chromium
455 2009 556 2036 cum
590 1996 734 2035 Musis
778 2009 804 2035 a
843 1996 959 2035 ludis
1000 1995 1220 2049 Sicyoniis
1260 1997 1460 2037 Aetnam
1505 1997 1859 2049 proficiscentem
1904 1997 2028 2043 facit,
2074 1998 2199 2049 quasi
2244 2011 2270 2036 a
2302 1996 2515 2037 Chromio

71 2067 257 2107 victoria
288 2066 424 2105 modo
455 2071 584 2116 parta
615 2071 744 2104 esset.
806 2065 971 2118 Heyne
1002 2065 1080 2105 vix
1112 2066 1230 2105 aliud
1263 2066 1506 2118 quidquam
1540 2069 1646 2115 vult,
1680 2081 1781 2108 cum
1815 2067 1918 2107 dicit
1951 2068 2030 2115 (ed.
2072 2068 2193 2119 1793)
2228 2069 2390 2117 κῶμον
2421 2066 2521 2106 νίοι

73 2137 182 2177 toris
213 2136 315 2175 duci
345 2134 517 2188 Pythiis
547 2133 741 2187 Sicyone
773 2135 934 2174 habitis
965 2135 1009 2174 in
1042 2134 1236 2175 Siciliam
1270 2137 1326 2176 ad
1358 2138 1515 2176 urbem
1549 2138 1760 2177 Aetnam.

214 2205 408 2246 Dissenii
438 2205 657 2244 sententia
687 2205 866 2244 tametsi
897 2204 1131 2245 Schmidtii
1161 2205 1523 2257 interpretatione
1555 2208 1688 2258 paulo
1720 2206 1989 2258 probabilior
2019 2206 2205 2254 videtur,
2237 2212 2388 2245 tamen
2420 2219 2512 2246 non

72 2278 232 2329 placet.
293 2275 442 2315 Recte
473 2274 654 2326 quidem
687 2274 791 2314 dicit
816 2275 883 2314 vir
914 2275 1207 2320 doctissimus,
1240 2288 1420 2314 carmen
1443 2275 1494 2314 N.
1518 2276 1600 2315 IX.
1632 2277 1675 2315 in
1706 2289 1872 2328 pompa
1905 2282 2133 2315 cantatum
2166 2289 2264 2315 esse
2295 2283 2344 2315 ut
2375 2288 2514 2327 pona-

71 2359 186 2392 mus,
217 2345 427 2385 inducere
457 2356 589 2395 posse
620 2357 799 2383 versum
832 2351 1053 2395 quartum.
1114 2344 1270 2384 Verba
1300 2345 1374 2384 illa
1405 2342 1480 2393 „ro
1513 2344 1829 2394 κρατήσιππον
1860 2343 1954 2397 γὰρ
1987 2346 2027 2384 ἐς
2058 2343 2166 2395 ἃρμ’
2200 2341 2511 2392 ιιῗνοιβαίνρωκιι

73 2429 177 2455 cum
210 2416 267 2454 ad
299 2413 558 2454 Chromium
590 2412 826 2453 manifesto
858 2415 1118 2466 pertineant,
1150 2428 1342 2466 pompae
1374 2428 1481 2454 sane
1513 2414 1683 2453 initium
1716 2413 1966 2467 significare
1998 2414 2216 2454 videntur.
2286 2412 2512 2453 Leutschii

72 2486 190 2525 enim
223 2484 540 2530 coniecturam,
580 2483 656 2534 qui
686 2484 935 2524 subiectum
967 2484 1093 2524 verbi
1124 2483 1403 2535 ἀναβαίνων
1434 2498 1591 2524 vocem
1619 2485 1763 2534 v'',uvos
1807 2498 1903 2524 esse
1925 2484 2045 2532 dixit,
2071 2485 2156 2524 hoc
2181 2485 2279 2524 loco
2305 2483 2516 2523 omittere

72 2555 216 2594 liceat.
278 2553 372 2593 Nos
405 2566 507 2592 cum
528 2553 735 2593 Dissenio
762 2554 847 2593 hoc
869 2567 1049 2606 quoque
1071 2554 1384 2601 consentimus,
1417 2556 1538 2605 quod
1560 2554 1725 2593 ultimis
1748 2555 1940 2606 strophis
1963 2554 2216 2595 convivium
2247 2554 2292 2593 in
2315 2551 2511 2593 Chromii

73 2625 259 2664 aedibus
286 2622 513 2675 provisum
554 2622 795 2676 significari
835 2624 1112 2664 arbitramur.
1191 2623 1486 2664 Concedimus
1527 2624 1661 2663 etiam
1702 2623 1765 2671 id,
1807 2625 1929 2675 quod
1959 2624 2195 2664 Dissenius
2231 2636 2320 2663 non
2361 2622 2510 2662 verbis

72 2694 253 2744 quidem
286 2692 515 2744 expressit,
546 2693 625 2731 sed
657 2692 790 2732 tacite
829 2706 910 2744 pro
942 2700 1063 2733 certo
1092 2693 1267 2733 videtur
1298 2693 1550 2745 sumpsisse,
1584 2693 1853 2740 Chromium,
1887 2707 1988 2733 cum
2022 2707 2201 2734 carmen
2231 2693 2508 2732 fundendum

73 2769 259 2809 curaret,
292 2762 442 2802 omnia
472 2775 574 2801 cum
607 2762 799 2802 Pindaro
831 2763 1204 2809 communicasse,
1247 2776 1362 2814 quae
1403 2764 1460 2802 ad
1501 2764 1705 2803 carminis
1738 2764 1944 2803 cantandi
1974 2764 2191 2803 rationem
2222 2762 2524 2815 pertinerent,

71 2840 123 2872 ut
156 2839 289 2883 poeta
319 2832 540 2884 hymnum
572 2845 703 2871 suum
735 2832 854 2879 locis,
886 2833 1172 2884 temporibus,
1204 2834 1337 2872 rebus
1369 2833 1548 2873 victoris
1581 2834 1747 2885 optime
1789 2835 2080 2873 accomodare
2111 2839 2273 2885 posset.
2335 2833 2510 2872 Tamen

71 2902 288 2948 videmus,
319 2900 451 2952 „quid
482 2901 728 2941 sententiae
761 2903 800 2953 (a
824 2902 1044 2953 Dissenio)
1077 2902 1329 2953 propositae
1361 2903 1543 2941 obstet“.

216 2969 264 3011 Si
285 2969 447 3009 Dissen
477 2976 598 3009 recte
629 2971 794 3010 diceret
820 2971 1089 3018 Chromium,
1123 2984 1224 3010 cum
1257 2984 1438 3010 reverso
1469 2972 1676 3010 ludorum
1700 2970 2008 3024 Sicyoniorum
2041 2977 2242 3022 ternpore
2272 2969 2506 3010 victoriam

70 3053 200 3079 suam
233 3039 359 3091 quasi
388 3046 612 3078 recentem
646 3040 899 3087 celebraret,
932 3048 1146 3092 tanquam
1191 3041 1326 3079 modo
1369 3041 1578 3080 reducem
1623 3054 1647 3080 e
1691 3041 1930 3080 certamine
1973 3053 2138 3091 pompa
2181 3040 2384 3079 sollemni
2426 3053 2508 3092 per

72 3110 231 3148 urbem
264 3115 444 3148 vectum
479 3122 748 3160 carmenque
779 3110 822 3148 in
855 3123 1020 3162 pompa
1051 3124 1078 3150 a
1100 3116 1227 3161 porta
1249 3111 1442 3161 quadam
1476 3111 1532 3148 ad
1554 3108 1749 3149 Chromii
1780 3111 1963 3149 domum
1986 3109 2254 3160 procedente
2276 3117 2504 3149 cantatum

72 3190 183 3224 esse,
214 3191 327 3230 opus
359 3184 477 3217 esset
508 3184 704 3218 statuere
736 3179 976 3218 Pindarum
1010 3192 1190 3219 carmen
1222 3185 1495 3232 pangentem
1537 3179 1914 3218 accuratissimam
1955 3178 2243 3232 longitudinis
2274 3179 2372 3219 viae
2402 3178 2505 3218 rati-

73 3259 206 3286 onem
238 3247 449 3286 habuisse
486 3247 902 3300 longitudinemque
943 3248 1148 3287 carminis
1189 3248 1246 3286 ad
1285 3247 1610 3300 longitudinem
1643 3247 1740 3287 viae
1779 3247 2010 3295 direxisse,
2051 3256 2100 3287 ut
2138 3248 2259 3288 initio
2299 3248 2507 3289 carminis

70 3314 245 3355 initium
277 3329 470 3367 pompae
501 3329 528 3355 a
557 3322 686 3367 porta
717 3317 911 3367 quadam
943 3316 1063 3356 urbis
1094 3315 1412 3368 proficiscentis
1453 3323 1497 3356 et
1538 3316 1625 3356 fine
1666 3317 1870 3356 carminis
1909 3316 2008 3357 finis
2048 3331 2241 3370 pompae
2281 3318 2504 3367 simulque

70 3383 243 3423 initium
278 3385 469 3425 convivii
502 3391 622 3425 recte
653 3385 929 3425 indicaretur.
991 3385 1124 3438 Quod
1154 3385 1237 3425 nisi
1268 3384 1446 3425 fecisset
1478 3392 1620 3437 poeta,
1657 3385 1751 3426 fieri
1782 3400 1869 3426 non
1902 3387 2054 3438 potuit,
2096 3388 2200 3438 quin
2232 3386 2378 3436 aliqua
2409 3398 2502 3425 car—

70 3452 204 3492 minis
234 3466 338 3505 pars
367 3454 495 3506 quasi
525 3454 739 3494 stasimon
771 3455 997 3506 quoddam
1029 3461 1270 3502 caneretur,
1307 3460 1545 3506 postquam
1577 3468 1742 3508 pompa
1773 3456 2059 3502 constitisset,
2100 3461 2177 3494 aut
2216 3454 2363 3506 aliquo
2401 3455 2501 3494 loco
