2740 3755
1350 379 1375 416 9
1393 430 1397 432 ,

135 517 298 571 quibus
330 514 576 556 sententiae
597 512 818 565 quaedam
843 511 1075 565 generales
1107 511 1351 551 doceantur
1372 511 1444 550 vel
1465 510 1748 549 illustrentur.
1811 507 2095 561 Quamquam
2124 520 2213 547 non
2244 513 2392 559 potest
2416 507 2572 561 negari

137 593 333 640 poetam,
363 584 440 625 ubi
470 597 540 623 res
572 583 794 636 mythicas
825 587 984 628 narret,
1017 580 1275 632 saepissime
1307 594 1378 620 res
1409 580 1627 632 quasdam
1661 593 1687 618 a
1713 578 1957 618 victoribus
1988 578 2061 617 vel
2094 583 2244 630 gestas
2275 577 2348 616 vel
2380 577 2572 631 agitatas

135 658 199 697 ita
227 655 456 707 respicere,
488 659 538 693 ut
567 654 640 692 vel
672 653 822 692 laudet
852 652 926 691 vel
951 651 1248 702 reprehendat
1274 651 1475 689 modeste
1499 662 1585 696 eos,
1618 662 1806 701 quorum
1836 647 2043 688 victorias
2069 647 2335 687 carminibus
2368 648 2572 687 celebret.

138 726 345 779 (‚‚Totum
367 724 617 777 mythicum
651 722 824 762 dicendi
851 734 994 774 genus
1026 721 1133 759 illud
1165 721 1451 759 commodum
1473 720 1619 766 habet,
1652 720 1772 770 quod
1804 724 1848 757 et
1879 719 1975 757 laus
2006 717 2238 757 iucundior
2269 723 2336 757 est
2360 717 2574 757 indirecta

136 808 274 848 quam
306 794 474 834 directa
505 799 550 833 et
580 791 875 844 reprehensio,
917 797 961 830 et
992 796 1233 842 potuerunt
1265 791 1397 830 etiam
1429 789 1634 841 politicae
1665 801 1735 828 res
1774 788 2003 841 graviores
2035 787 2096 827 sic
2128 787 2307 827 tractari
2338 787 2497 827 decore
2530 793 2574 827 et

138 865 311 919 digne“.
342 862 535 915 Dissen.)
618 861 850 901 Eiusmodi
881 861 1035 900 laudes
1068 865 1112 899 et
1144 860 1466 900 admonitiones
1499 858 1658 898 fabulis
1690 858 1816 911 quasi
1854 859 2042 898 vestitae
2083 864 2216 910 atque
2256 854 2440 897 ornatae
2470 862 2574 896 sunt

137 934 426 983 „allusiones“
446 933 556 979 illae,
588 945 699 984 quas
720 936 886 971 vocant
910 931 1171 982 interpretes
1193 931 1332 970 nostri
1353 930 1630 969 recentiores.
1664 927 1835 968 Verum
1857 934 2008 968 tamen
2030 941 2164 980 quam
2188 926 2463 981 cautissimos
2478 938 2576 965 esse

139 1010 317 1057 oportet
332 1003 376 1042 in
393 1001 609 1042 eiusmodi
622 1001 956 1049 „allusionibus“
969 1000 1302 1053 investigandis,
1324 1000 1488 1040 nedum
1503 1005 1645 1038 totam
1660 999 1883 1050 quandam
1898 996 2093 1037 fabulam
2113 1010 2170 1037 ex
2192 996 2476 1036 allusionibus
2492 995 2576 1035 illis

139 1080 345 1115 constare
375 1078 596 1125 putemus.

282 1143 386 1183 Hoc
407 1155 515 1182 vero
540 1141 642 1181 licet
667 1154 747 1193 pro
774 1147 895 1181 certo
916 1141 1173 1187 habeamus,
1206 1138 1368 1186 fabula,
1400 1138 1719 1190 „pulcherrima
1741 1137 1989 1177 divinarum
2023 1143 2067 1177 et
2097 1138 2393 1177 humanarum
2427 1150 2575 1176 rerum

139 1213 370 1266 imagine“,
402 1225 626 1251 summam
649 1211 854 1251 carminis
886 1211 1033 1263 aliquo
1055 1210 1190 1249 modo
1222 1209 1428 1248 illustrari
1460 1215 1504 1248 et
1526 1207 1816 1260 comprobari.
1878 1207 2034 1259 Atque
2060 1220 2194 1259 saepe
2216 1207 2348 1246 etiam
2371 1206 2575 1260 singulae

147 1290 298 1335 partes
329 1281 507 1322 fabulae
538 1281 726 1335 singulis
757 1281 959 1333 partibus
991 1280 1246 1327 sententiae,
1279 1292 1410 1331 quam
1445 1278 1725 1330 potissimum
1758 1283 1891 1329 poeta
1922 1284 2025 1317 ante
2059 1277 2210 1317 oculos
2241 1276 2430 1328 positam
2457 1276 2576 1323 velit,

138 1352 410 1404 respondere
440 1353 658 1392 videntur.

283 1422 522 1462 Praeterea
559 1428 908 1462 consentaneum
951 1427 1019 1461 est
1050 1427 1230 1473 poetam
1274 1421 1331 1459 ad
1371 1432 1550 1459 carmen
1582 1418 1806 1470 quoddam
1855 1418 2051 1457 ἐπίνικον
2082 1416 2369 1470 pangendum
2415 1428 2577 1469 aggre-

139 1492 349 1539 dientem,
381 1492 419 1531 si
447 1490 542 1531 fieri
573 1491 726 1543 potuit,
760 1504 858 1531 eam
891 1491 1088 1530 fabulam
1119 1490 1203 1530 sibi
1235 1490 1444 1543 elegisse,
1477 1501 1591 1541 quae
1622 1501 1711 1527 non
1743 1487 1887 1526 solum
1920 1487 1977 1525 ad
2008 1499 2229 1526 summam
2263 1485 2467 1525 carminis
2499 1485 2577 1524 sed

140 1562 276 1601 etiam
307 1561 352 1601 in
381 1561 596 1601 victorem
629 1561 773 1612 ipsum
807 1574 942 1613 quam
975 1560 1172 1600 maxime
1204 1560 1452 1612 quadraret.

285 1630 399 1671 Cum
432 1631 650 1677 Dissenio‚
683 1630 758 1682 qui
790 1631 970 1682 quidem
1002 1629 1162 1670 fabulis
1195 1629 1460 1669 sententiam
1494 1627 1698 1668 carminis
1731 1626 1944 1666 declarari
1975 1626 2105 1673 dicat,
2160 1625 2336 1679 (.‚ipsius
2367 1625 2576 1664 thematis

140 1700 441 1752 pulcherrima
467 1700 706 1740 declaratio
738 1700 781 1739 in
807 1699 1014 1752 fabulis,“)
1048 1700 1108 1740 ita
1131 1699 1442 1745 consentimus,
1475 1705 1524 1737 ut
1545 1698 1589 1737 in
1610 1696 1882 1749 explicandis
1910 1695 2069 1736 fabulis
2094 1696 2284 1747 primum
2309 1709 2360 1735 ac
2382 1695 2576 1734 maxime

137 1775 458 1823 argumentum
491 1770 812 1822 consiliumque
844 1776 1092 1810 ceterarum
1125 1769 1329 1809 carminis
1361 1768 1554 1820 partium
1587 1767 1958 1807 considerandum
1992 1779 2088 1805 esse
2121 1778 2393 1805 censeamus.

281 1839 474 1879 Dissenii
505 1840 743 1892 disputatio
775 1841 853 1887 „de
884 1839 1054 1879 ratione
1095 1839 1341 1879 carminum
1374 1838 1707 1878 Pindaricorum
1748 1843 1792 1876 et
1824 1837 1879 1876 de
1919 1836 2289 1887 interpretationis
2328 1847 2493 1888 genere
2524 1834 2574 1873 iis

138 1909 416 1948 adhibendo“
457 1909 591 1949 etiam
640 1923 758 1950 nunc
805 1909 1067 1964 dignissima
1116 1915 1205 1956 est,
1255 1921 1370 1960 quae
1411 1909 1598 1961 legatur.
1684 1906 2064 1958 Vituperaverunt
2111 1904 2289 1956 quidem
2331 1904 2576 1951 Hermann,

138 1978 488 2026 Rauchenstein,
521 1979 592 2018 alii
623 1980 854 2019 schemata
885 1980 975 2025 illa,
1029 1992 1144 2030 quae
1175 1978 1338 2017 Dissen
1370 1978 1427 2017 ad
1457 1977 1763 2016 illustrandam
1797 1975 1978 2015 Pindari
2008 1981 2148 2014 artem
2181 1974 2424 2014 carminum
2458 1987 2577 2013 com-

138 2048 447 2099 ponendorum
480 2049 729 2100 proposuit,
782 2056 916 2100 atque
948 2049 1081 2088 etiam
1115 2048 1186 2088 alii
1218 2048 1302 2087 alia
1333 2048 1700 2098 reprobaverunt:
1754 2058 1909 2085 omnes
1940 2058 2047 2084 vero
2087 2045 2269 2084 laudant
2301 2043 2575 2097 diligentiam

137 2124 185 2157 et
221 2130 391 2165 curam,
443 2131 533 2170 qua
573 2119 640 2158 vir
680 2119 961 2159 doctissimus
1009 2125 1278 2170 argumenta
1314 2117 1559 2157 carminum
1602 2115 1934 2155 Pindaricorum
1976 2113 2346 2167 pervestigaverit
2391 2125 2577 2164 remque

138 2186 443 2227 difficillimam
474 2189 811 2240 pertractaverit
842 2195 886 2228 et
916 2189 960 2228 in
992 2188 1238 2228 mirabilem
1271 2188 1494 2239 quendam
1528 2188 1726 2226 ordinem
1752 2185 1987 2239 redegerit.
2051 2183 2260 2226 Omnibus
2292 2182 2412 2222 haud
2444 2182 2578 2221 dubie

138 2257 333 2297 Dissenii
363 2259 627 2310 opusculum
659 2259 791 2298 valde
822 2257 985 2310 profuit
1017 2259 1074 2298 ad
1105 2257 1444 2310 intelligendum
1482 2263 1691 2307 recteque
1732 2255 2046 2307 explicandum
2086 2259 2265 2306 poetam
2297 2253 2574 2297 Thebanum,

138 2340 287 2379 neque
318 2328 454 2368 ceteri
484 2328 746 2380 interpretes
778 2329 975 2368 eiusdem
1008 2328 1090 2367 viri
1126 2328 1347 2374 doctrina,
1395 2340 1528 2378 quem
1576 2327 1648 2365 vel
1693 2326 1961 2378 impugnent
2007 2324 2080 2363 vel
2126 2323 2304 2363 omnino
2342 2322 2578 2375 negligere

139 2396 386 2445 videantur,
416 2411 506 2437 non
536 2398 604 2437 usi
634 2404 748 2438 sunt.
809 2398 965 2450 Atque
996 2412 1052 2437 ne
1074 2398 1309 2437 Hermann
1341 2397 1520 2448 quidem
1552 2395 1757 2435 Dissenio
1790 2394 1946 2434 merita
1977 2393 2125 2433 omnia
2152 2392 2435 2433 abiudicavit:
2469 2391 2576 2443 quin

140 2466 277 2506 etiam
309 2467 539 2507 schemata
569 2467 643 2507 illa
673 2481 764 2507 non
794 2481 975 2520 prorsus
1007 2468 1175 2507 inutilia
1207 2467 1318 2506 dixit
1349 2467 1428 2506 sed
1460 2472 1564 2518 apta
1596 2478 1693 2504 esse
1725 2465 1781 2504 ad
1812 2464 2236 2516 ‚‚interpositionem‘'
2268 2462 2398 2509 illam,
2440 2474 2574 2513 quam

140 2536 303 2576 Dissen
335 2543 479 2584 vocat,
511 2537 817 2577 illustrandam
851 2538 1082 2579 concessit.
1144 2537 1313 2588 (Herm.
1346 2549 1494 2588 opusc.
1527 2535 1604 2575 VI.
1635 2549 1675 2587 p.
1711 2534 1790 2585 23.)

282 2606 456 2654 Dissen,
488 2607 563 2659 qui
593 2607 798 2659 princeps
829 2608 892 2647 rei
923 2606 1215 2660 gravissimae
1247 2619 1428 2658 operam
1461 2605 1521 2644 ita
1551 2605 1793 2651 navaverit,
1825 2610 1874 2643 ut
1905 2603 2135 2643 materiam
2166 2602 2481 2654 amplissimam
2514 2601 2575 2642 ad

143 2682 286 2716 artem
319 2683 364 2716 et
395 2678 452 2716 ad
482 2683 722 2729 praecepta
757 2684 1007 2724 revocaret,
1049 2676 1334 2729 argutissime
1365 2675 1543 2714 Pindari
1574 2673 1824 2727 explicandi
1860 2673 2076 2712 rationem
2116 2672 2386 2712 examinavit
2426 2672 2572 2724 dispu-

140 2745 354 2798 tavitque.
415 2747 469 2786 In
500 2746 561 2794 iis,
600 2760 714 2799 quae
746 2746 919 2798 scripsit
951 2748 1006 2786 de
1038 2752 1117 2785 rat.
1149 2759 1282 2785 carm.
1315 2744 1440 2784 Pind.
1472 2751 1516 2784 et
1547 2745 1602 2783 de
1633 2745 1707 2783 int.
1741 2757 1852 2796 gen„
1891 2743 2144 2782 etiamnunc
2175 2742 2423 2782 invenimus
2462 2741 2573 2781 diffi-

140 2815 332 2855 cillimae
363 2815 669 2868 explicationis
701 2829 916 2855 normam.
978 2815 1091 2855 Cum
1123 2821 1273 2854 autem
1305 2814 1373 2853 vir
1403 2814 1475 2853 ille
1497 2814 1778 2853 doctissimus
1803 2812 1973 2852 initium
2000 2812 2150 2852 fecerit
2175 2812 2299 2864 quasi
2321 2810 2575 2863 disciplinae

140 2885 384 2932 cuiusdam,
417 2885 523 2938 quid
553 2886 726 2932 mirum,
759 2886 879 2938 quod
910 2885 1132 2931 nonnulla,
1165 2898 1279 2936 quae
1311 2890 1569 2936 persecutus
1602 2890 1687 2931 est,
1729 2885 1785 2923 ab
1817 2883 1911 2922 aliis
1952 2882 2215 2935 corrigenda
2255 2887 2388 2933 atque
2424 2893 2572 2921 emen-

143 2953 292 2993 danda
322 2956 472 2994 erant?
533 2954 663 2994 Nunc
695 2967 801 2994 sane
833 2967 966 2993 nemo
998 2960 1076 3000 est,
1109 2953 1184 3005 qui
1216 2953 1260 2992 in
1291 2953 1483 2992 Dissenii
1512 2952 1758 3005 praeceptis
1801 2957 1845 2991 et
1883 2952 2120 2991 schematis
2154 2950 2414 3002 acquiescat.
2474 2948 2570 2988 Iam

141 3021 261 3061 enim
292 3022 523 3063 didicimus
548 3024 726 3063 Pindari
756 3023 973 3063 rationem
1005 3022 1226 3075 poeticam
1259 3023 1439 3062 meliore
1471 3036 1523 3062 ac
1554 3021 1818 3074 simpliciore
1849 3021 1983 3060 modo
2016 3020 2249 3072 explicare.

285 3091 434 3130 Recte
464 3106 571 3133 vero
603 3093 764 3133 Dissen
796 3094 904 3132 illud
932 3092 1178 3145 proposuit:
1210 3092 1286 3139 „In
1317 3091 1475 3131 fabulis
1506 3092 1620 3131 inest
1650 3091 1791 3130 ideale
1823 3091 2079 3142 exemplum
2112 3089 2353 3128 sententiae
2386 3087 2566 3127 carmini

142 3160 404 3202 subiectae.“
458 3161 568 3200 Inde
600 3169 748 3202 autem
782 3168 966 3215 apparet
996 3162 1040 3201 in
1071 3161 1357 3214 expediendis
1388 3163 1520 3201 rebus
1555 3161 1762 3214 mythicis
1796 3160 2075 3212 potissimum
2110 3172 2331 3198 summam
2362 3157 2565 3197 carminis

142 3230 432 3282 spectandam
465 3242 563 3268 esse
594 3237 638 3269 et
663 3238 979 3285 argumentum
1011 3231 1188 3271 fabulae
1220 3244 1321 3270 cum
1355 3238 1620 3284 argumento
1643 3236 1889 3269 ceterarum
1922 3228 2125 3268 carminis
2152 3227 2341 3280 partium
2375 3226 2435 3265 ita
2467 3239 2568 3265 con-

143 3312 307 3353 gruere
339 3300 512 3346 debere,
544 3305 594 3337 ut
624 3312 713 3338 una
743 3302 963 3352 quaedam
997 3300 1212 3340 efficiatur
1242 3300 1461 3339 sententia
1492 3312 1677 3338 summa.
1740 3298 1946 3338 Ceterum
1978 3298 2099 3337 haud
2139 3297 2270 3336 dubie
2310 3302 2442 3347 poeta
2472 3308 2566 3334 sae-

144 3369 324 3419 pissime
356 3382 409 3409 ea
440 3382 547 3408 usus
580 3374 648 3407 est
678 3368 864 3415 licentia,
896 3377 945 3408 ut
978 3371 1161 3409 adderet
1191 3370 1421 3415 nonnulla,
1462 3382 1579 3420 quae
1619 3381 1763 3419 neque
1803 3368 1860 3407 ad
1899 3367 2164 3407 sententiam
2196 3366 2331 3405 totius
2363 3364 2565 3404 carminis

145 3449 291 3488 neque
321 3440 378 3478 ad
408 3452 479 3478 res
511 3438 728 3491 quasdam
760 3438 940 3477 victoris
971 3439 1250 3490 pertinerent,
1283 3439 1361 3478 sed
1394 3438 1651 3478 exornando
1689 3437 1871 3477 carmini
1891 3437 2050 3476 idonea
2071 3441 2228 3477 essent.
2291 3433 2417 3486 Quae
2448 3447 2517 3473 res
2540 3447 2570 3472 a.
