2740 3755
1290 363 1319 401 4

217 498 309 539 Sed
356 498 439 537 alia
477 496 653 536 Pindari
701 495 897 536 carmina
944 495 1310 548 monostrophica
1357 495 1582 535 eiusmodi
1625 496 1838 547 epistolae
1880 498 2082 550 poeticae
2120 504 2243 538 certo
2281 514 2372 540 non
2403 508 2522 542 sunt.

77 569 234 621 Neque
267 568 382 607 enim
415 574 506 606 tam
539 566 690 605 brevia
715 572 818 605 sunt
850 578 985 617 quam
1009 578 1071 611 ea,
1104 578 1219 617 quae
1241 578 1376 617 supra
1401 565 1865 613 commemoravimus,
1896 580 2042 619 neque
2068 581 2223 607 eorum
2250 578 2521 622 argumenta

77 638 307 690 epistolam
340 637 561 689 quandam
593 635 796 675 indicant.
858 634 1130 686 Complures,
1163 636 1286 674 velut
1318 635 1371 674 N.
1402 635 1497 681 IX„
1529 640 1623 674 tam
1652 635 1870 687 perpolita
1902 643 2017 683 sunt,
2048 643 2093 677 et
2124 638 2277 677 metris
2309 644 2354 678 et
2384 652 2521 692 argu-

76 707 236 747 mentis
261 714 352 746 tam
381 706 615 758 praeclara,
642 712 691 745 ut
711 719 799 744 non
826 705 955 744 liceat
970 705 1169 758 cogitare
1186 705 1439 751 Pindarum,
1467 718 1569 744 cum
1593 718 1647 743 ea
1668 704 1864 744 carmina
1879 713 2178 757 componeret,
2200 708 2291 746 otio
2312 708 2522 748 caruisse.
2566 700 2569 701 ⁷

219 775 425 817 Ceterum
458 774 661 815 Schmidt
702 775 796 827 ipse
835 774 1038 814 concedit
1069 773 1163 813 fieri
1195 774 1393 826 potuisse
1431 773 1563 813 variis
1602 775 1658 813 de
1696 774 1856 820 causis,
1905 780 1953 813 ut
1990 781 2126 826 poeta
2156 778 2522 830 monostrophica

77 846 219 886 forma
251 852 447 885 uteretur
478 858 557 897 pro
590 849 843 894 ammoneris
885 844 984 889 illis,
1025 857 1139 896 quae
1171 858 1198 883 a
1229 843 1486 884 Stesichoro
1517 844 1699 883 inventa
1729 843 1930 897 vulgaris
1961 843 2209 883 carminum
2241 847 2521 887 choricorum

76 915 220 955 forma
251 915 371 954 iacta
402 921 482 954 est.

218 984 429 1023 Thiersch
467 983 571 1023 dicit
608 982 803 1022 carmina
841 983 1203 1035 monostrophica
1239 983 1428 1023 fortasse
1466 983 1510 1022 in
1556 996 1749 1036 pompae
1786 983 1992 1037 ingressu
2032 989 2213 1023 cantata
2249 998 2348 1024 esse
2379 998 2524 1038 eaque

77 1055 171 1093 sola
197 1054 257 1093 ita
288 1053 454 1093 cantari
488 1053 695 1105 potuisse.

219 1123 309 1163 Sed
340 1137 395 1163 ne
428 1137 565 1162 unum
605 1136 662 1162 ex
693 1123 742 1161 iis
775 1122 1043 1162 carminibus
1087 1130 1208 1162 certo
1240 1123 1386 1162 dicere
1417 1136 1657 1174 possumus
1690 1128 1919 1162 cantatum
1953 1136 2051 1162 esse
2081 1122 2126 1162 in
2157 1137 2325 1176 pompa
2361 1125 2521 1164 urbem

79 1193 356 1246 ingrediente
394 1194 467 1232 vel
497 1206 576 1245 per
604 1193 699 1231 vias
731 1192 850 1232 urbis
882 1194 1163 1245 procedente.
1225 1191 1294 1232 Ol.
1326 1191 1455 1238 XIV,
1508 1207 1557 1242 14
1590 1199 1635 1232 et
1666 1192 1720 1232 N.
1758 1192 1814 1234 ΙΙ.
1848 1206 1901 1242 24
1941 1195 2094 1241 κῶμος
2131 1200 2522 1240 commemoratur,

78 1262 223 1309 (τόνδε
253 1262 412 1310 κῶμον
443 1260 503 1300 ἐπ’
536 1260 702 1309 εὐμενεῖ
744 1259 865 1312 τύχᾳ
899 1266 1059 1311 κούφα
1102 1263 1315 1311 βιβῶντα
1347 1268 1392 1300 61
1424 1256 1461 1301 ὦ
1493 1264 1669 1300 πολῖται
1698 1258 1949 1310 κωμάξατε
1989 1259 2232 1312 Τιμοδήμῳ
2257 1260 2345 1300 σύν
2375 1260 2526 1301 εὐὴλέῖ

79 1328 226 1381 νόστῳ
246 1330 325 1369 Ed.
350 1329 538 1383 Bergk.)
563 1331 642 1369 sed
666 1330 736 1376 ita,
760 1336 809 1369 ut
831 1330 1106 1381 probabilem
1130 1330 1427 1370 coniecturam
1457 1331 1513 1368 de
1530 1329 1737 1368 cantandi
1761 1329 1933 1368 ratione
1959 1329 2061 1369 inde
2086 1329 2232 1369 facere
2263 1343 2353 1369 non
2379 1330 2523 1369 liceat.

77 1399 182 1438 Alia
213 1400 417 1445 carmina,
451 1413 564 1452 quae
595 1399 638 1438 in
669 1413 835 1452 pompa
876 1406 1053 1439 cantata
1093 1413 1191 1439 6556
1234 1401 1374 1454 vulgo
1415 1400 1640 1445 dicuntur,
1683 1412 1741 1438 ex
1781 1399 1975 1451 strophis
2015 1412 2119 1438 cum
2160 1399 2446 1451 antistrophis
2477 1406 2525 1439 et

78 1469 230 1521 epodis
263 1469 508 1521 composita
538 1476 652 1515 sunt,
685 1470 808 1508 velut
841 1468 908 1509 Ol.
941 1469 1024 1511 XI.
1058 1467 1153 1521 (X),
1186 1470 1317 1511 XIII.

219 1538 293 1577 Ex
315 1538 457 1578 forma
471 1539 839 1590 monostrophica,
861 1552 950 1590 qua
971 1539 1149 1584 ratione,
1173 1539 1215 1578 in
1238 1553 1461 1592 pompane
1488 1553 1543 1578 an
1561 1539 1636 1578 ubi
1651 1552 1817 1591 pompa
1838 1537 2094 1584 constiterit,
2117 1538 2315 1577 carmina
2337 1537 2524 1589 epinicia

86 1613 262 1646 cantata
288 1607 385 1655 sint,
418 1615 537 1647 recte
560 1608 708 1661 colligi
734 1621 821 1647 non
844 1614 1003 1660 potest.
1065 1608 1167 1661 Ego
1200 1610 1382 1661 quidem
1411 1610 1517 1649 mihi
1544 1610 1816 1662 persuadere
1843 1622 1932 1648 non
1965 1608 2090 1660 potui
2112 1622 2251 1647 unum
2273 1608 2525 1647 alterumve

76 1689 255 1715 carmen
287 1677 566 1717 Pindaricum
605 1678 647 1716 in
680 1691 845 1730 pompa
883 1678 1150 1729 procedente
1183 1686 1412 1718 cantatum
1445 1693 1543 1718 esse
1576 1678 1775 1730 exceptis
1806 1678 1875 1724 iis,
1923 1691 2039 1729 quae
2078 1691 2137 1717 ex
2173 1678 2270 1729 ipsa
2306 1677 2515 1716 cantandi

77 1746 244 1785 ratione
276 1746 494 1793 προσόδια
527 1748 878 1799 appellabantur,
932 1754 1065 1799 atquc
1097 1748 1132 1786 si
1165 1749 1406 1787 memoriae
1449 1748 1673 1800 proditum
1707 1754 1774 1787 est
1813 1747 2011 1787 carmina
2041 1748 2264 1799 quaedam
2298 1746 2346 1784 ἑν
2377 1745 2523 1796 κώμῳ

78 1822 255 1855 cantata
280 1829 386 1862 esse,
409 1817 516 1856 illud
532 1816 579 1854 ἐν
602 1816 744 1866 κώμῳ
766 1817 826 1856 ita
851 1817 1190 1870 intelligendum
1214 1831 1311 1857 6556
1326 1818 1435 1864 dico,
1458 1824 1507 1857 ut
1533 1817 1863 1869 unumquodvis
1884 1829 2064 1855 carmen
2082 1817 2278 1855 ἐπίνικον
2292 1812 2523 1855 cantatum

78 1898 174 1924 6556
206 1892 465 1931 statuamus,
488 1886 561 1925 ubi
592 1886 781 1938 primum
804 1900 967 1938 pompa
1001 1888 1055 1925 ad
1089 1901 1267 1926 carmen
1301 1888 1571 1926 cantandum
1605 1886 1860 1926 constiterit.
1924 1883 2015 1925 Sed
2043 1886 2098 1924 de
2130 1899 2184 1925 ea
2214 1898 2261 1924 re
2294 1884 2366 1924 alii
2397 1884 2525 1923 aliter

75 1954 388 1994 iudicaverunt.
465 1955 599 1995 Velut
632 1956 791 1995 Dissen
824 1957 949 1995 Nem.
978 1957 1060 1998 IX.
1092 1970 1118 1995 a
1150 1958 1285 1996 choro
1317 1958 1585 2009 procedente
1612 1962 1841 1996 cantatum
1867 1956 1925 1994 ob
1948 1968 2137 2007 eamque
2160 1967 2342 1994 causam
2369 1967 2524 1992 mono-

75 2024 294 2075 strophice
326 2026 619 2077 compositum
653 2039 748 2065 6556
771 2027 965 2071 601116611,
999 2027 1068 2066 6111
1101 2028 1317 2066 contraria
1352 2034 1418 2066 est
1447 2027 1701 2078 conjectura
1733 2025 1779 2065 L.
1809 2024 2058 2072 Schmidtii,
2103 2025 2179 2077 qui
2205 2025 2334 2064 Nem.
2358 2024 2443 2062 IX.
2475 2023 2521 2061 in

79 2091 271 2132 Chromii
293 2095 474 2134 aedibus
508 2097 563 2134 ab
591 2095 682 2134 eius
714 2096 960 2147 hospitibus
993 2096 1331 2135 convivantibus
1365 2103 1593 2135 cantatum
1615 2109 1712 2134 esse
1744 2096 1840 2134 vult
1867 2109 1967 2134 cum
2001 2095 2267 2133 hilaritatem
2295 2093 2522 2146 quandam

79 2163 282 2202 carminis
313 2165 533 2216 propriam
567 2171 661 2203 tum
695 2164 884 2204 formam
917 2167 1323 2217 monostrophicam
1358 2166 1400 2204 in
1434 2166 1583 2204 animo
1609 2179 1763 2205 secum
1796 2164 2093 2204 considerans.

219 2232 420 2273 Dissenio
453 2235 535 2274 hoc
579 2247 756 2274 carmen
794 2235 969 2274 videtur
1006 2243 1233 2274 cantatum
1276 2249 1372 2274 esse
1411 2236 1456 2274 in
1487 2248 1663 2286 pompa„
1711 2247 1813 2273 cum
1847 2234 2082 2273 Chromius
2120 2240 2335 2286 tanquam
2376 2231 2524 2272 redux

80 2315 104 2341 e
127 2303 365 2342 certamine
391 2303 609 2356 Sicyonio,
642 2311 690 2343 ut
716 2304 904 2343 victores
926 2305 1128 2351 solerent,
1162 2319 1330 2358 magno
1357 2305 1568 2345 comitatu
1593 2304 1795 2343 sollemni
1817 2305 2053 2343 veheretur
2077 2317 2157 2355 per
2183 2305 2353 2343 urbem.
2415 2302 2524 2342 Post

79 2384 289 2423 pompam
325 2372 579 2412 Chromium
614 2374 794 2425 eiusque
827 2374 991 2413 amicos
1026 2375 1286 2414 convenisse
1318 2376 1375 2414 ad
1407 2374 1674 2415 convivium.
1738 2373 1803 2413 Ut
1834 2373 2102 2412 sententiam
2141 2387 2269 2412 suam
2301 2374 2522 2425 probaret,
2551 2379 2558 2383 '

79 2441 240 2480 Dissen
272 2456 333 2481 vs.
367 2457 410 2491 4:
444 2441 490 2480 ro*
515 2444 827 2492 κρατήσιππον
859 2443 952 2494 γάρ
986 2445 1022 2482 ες
1064 2441 1169 2493 (ἕρμ’
1199 2442 1491 2492 (ἱναβινίνων,
1524 2456 1637 2494 quae
1660 2444 1798 2481 verba
1829 2442 1911 2481 nisi
1943 2444 1998 2481 de
2020 2456 2185 2494 pompa
2212 2442 2413 2495 intellegi
2434 2454 2524 2480 non

81 2518 270 2561 possent,
304 2518 347 2550 et
380 2519 626 2551 extremam
660 2513 862 2552 carminis
896 2520 1067 2564 partem
1100 2512 1256 2559 attulit,
1288 2512 1363 2551 ubi
1395 2519 1538 2564 poeta,
1571 2526 1673 2552 cum
1705 2513 1793 2551 iam
1827 2525 1993 2564 pompa
2024 2514 2081 2551 ad
2109 2512 2307 2552 Chromii
2337 2513 2524 2550 domum

82 2580 349 2627 accessisset,
383 2591 431 2619 ut
464 2581 634 2631 phialae
666 2589 984 2632 promerentur,
1017 2584 1229 2621 hortatur.

224 2649 323 2701 Qua
345 2651 399 2689 de
421 2664 467 2689 re
490 2664 617 2690 secus
651 2651 919 2690 existimavit
951 2652 998 2690 L.
1031 2651 1234 2691 Schmidt
1256 2648 1397 2695 (Pind.
1423 2651 1478 2690 V.
1501 2658 1546 2690 et
1572 2652 1618 2693 P.
1651 2664 1691 2702 D.
1717 2651 1842 2703 24o);
1875 2653 2104 2692 contendit
2125 2652 2240 2691 enim
2268 2663 2448 2690 carmen
2478 2649 2525 2688 in

82 2719 285 2758 convivio
319 2727 543 2758 cantatum
585 2734 699 2766 6556,
756 2722 876 2772 quod
909 2720 1142 2760 Chromius
1175 2720 1326 2758 amicis
1369 2720 1460 2759 suis
1491 2721 1815 2771 apparavisset,
1869 2735 2081 2773 pompam
2121 2727 2271 2760 autem
2316 2719 2524 2759 convivio

83 2789 356 2828 successisse.
418 2789 511 2828 Nec
537 2803 643 2829 vero
666 2788 897 2830 Schmidtii
919 2796 1186 2843 argumenta
1207 2791 1437 2840 probanda
1459 2796 1573 2829 sunt.
1613 2790 1739 2829 Dixit
1766 2798 1915 2830 autem
1939 2792 2006 2829 vir
2034 2789 2318 2829 doctissimus
2344 2788 2523 2828 Pindari

82 2856 154 2895 illa
187 2857 451 2905 ,θαρσαλέα
485 2857 528 2896 δὲ
562 2857 692 2905 παρὰ
719 2854 934 2908 κραῑήρα
967 2857 1106 2911 φωνὰ
1138 2860 1340 2910 γίνεται*
1373 2860 1429 2898 ad
1458 2861 1646 2898 verbum
1671 2873 1767 2899 esse
1790 2860 2081 2913 intelligenda
2112 2872 2165 2898 ac
2192 2858 2254 2898 516
2280 2859 2517 2897 vertenda:

84 2927 254 2970 „audax
277 2940 382 2965 vero
403 2926 454 2966 fit
480 2942 571 2967 vox
592 2928 705 2967 inter
726 2929 917 2979 pocula“,
953 2942 1066 2980 quae
1098 2929 1236 2967 verba
1267 2928 1502 2967 manifesto
1535 2929 1591 2967 ab
1619 2929 1770 2968 amicis
1794 2929 1988 2969 Chromii
2013 2935 2192 2968 cantata
2213 2940 2310 2966 esse
2341 2927 2385 2966 in
2417 2940 2522 2966 con-

84 2995 200 3034 vivio
227 2996 553 3035 accubantibus,
616 2996 706 3036 Sed
737 3004 910 3036 tantum
946 2998 1089 3043 abest,
1136 3004 1185 3036 ut
1216 2998 1375 3043 locum,
1408 3011 1541 3049 quem
1574 2999 1934 3044 memoravimus,
1967 3011 2109 3049 aeque
2140 3011 2191 3036 ac
2224 2996 2430 3036 Schmidt
2457 2997 2522 3036 in-

84 3070 385 3115 terpretemur,
416 3072 465 3104 ut
486 3067 622 3105 verba
643 3067 715 3105 illa
737 3067 940 3106 universe
962 3067 1080 3106 dicta
1106 3080 1203 3106 esse
1225 3081 1369 3118 neque
1384 3068 1529 3120 magis
1554 3068 1614 3106 ad
1627 3081 1697 3107 res
1714 3075 1970 3118 praesentes
1988 3067 2207 3118 pertinere
2226 3080 2361 3119 quam
2379 3067 2437 3106 ad
2453 3079 2525 3106 res

84 3133 252 3173 futuras
285 3135 558 3178 arbitremur.
620 3135 896 3175 Generaliter
929 3137 1047 3175 dicta
1077 3143 1181 3175 sunt
1212 3137 1344 3175 etiam
1378 3150 1441 3183 ea,
1473 3150 1589 3188 quae
1621 3139 1900 3176 antecedunt.

226 3202 455 3243 Sententia
477 3212 624 3244 autem
642 3205 715 3243 illa
738 3206 793 3244 de
814 3219 925 3245 voce
948 3206 1061 3244 inter
1082 3207 1242 3256 pocula
1267 3206 1425 3244 audaci
1450 3206 1755 3245 transitionem
1790 3212 1919 3257 parat
1943 3206 2000 3245 ad
2031 3219 2093 3252 ea,
2121 3220 2235 3258 quae
2267 3211 2525 3258 sequuntur,

85 3279 135 3310 ut
166 3272 249 3311 hoc
283 3274 414 3311 modo
447 3274 568 3312 locus
602 3276 699 3323 (vss.
733 3276 919 3325 48—50)
955 3274 1244 3325 explicandus
1275 3274 1346 3313 sit:
1379 3273 1691 3321 „Cantavimus
1727 3274 1939 3314 virtutem
1971 3274 2284 3327 fortunamque
2317 3274 2522 3319 Chromii,

88 3341 160 3391 qui
191 3342 338 3380 omnia
369 3349 524 3380 nactus
556 3343 628 3387 sit,
677 3357 789 3394 quae
821 3343 989 3382 homini
1021 3343 1203 3383 feliciter
1234 3343 1494 3396 contingere
1526 3350 1734 3394 possunt;
1789 3358 1908 3384 nunc
1939 3358 2047 3384 vero
2079 3351 2303 3395 potemus,
2337 3343 2521 3381 misceat

87 3408 221 3461 igitur
252 3411 347 3461 quis
380 3411 529 3450 vinum
564 3418 667 3450 etc.“
727 3412 958 3452 Admonet
989 3413 1125 3466 igitur
1155 3420 1288 3464 pocta
1313 3412 1509 3453 Chromii
1538 3413 1718 3460 amieos,
1749 3419 1799 3453 ut
1829 3413 1916 3453 iam
1943 3414 2300 3467 aggrederentur
2329 3412 2388 3451 ad
2418 3424 2523 3451 con-
