2740 3755
1284 424 1333 461 10

92 555 298 595 Dissenio
330 555 435 607 ipso,
468 568 738 607 quamquam
772 568 872 593 eum
907 554 1085 594 minime
1116 555 1411 606 praeterierat,
1444 555 1486 594 in
1510 556 1839 596 commentariis
1865 559 1922 597 ad
1944 558 2183 599 Pindarum
2211 559 2339 600 editis
2358 574 2519 613 parum

91 626 327 665 observata
361 631 436 667 est.
498 625 702 664 Plurimis
733 624 776 663 in
809 624 1074 664 carminibus
1106 624 1443 676 interpretandis
1476 625 1638 664 Dissen
1674 625 1768 677 ipse
1799 626 2017 667 Boeckhii
2056 628 2256 682 vestigiis
2286 629 2520 682 ingressus

89 708 179 734 non
211 695 353 734 solum
387 708 542 734 causas
574 708 720 733 rerum
752 693 1049 746 mythiearum
1083 707 1140 733 ex
1171 694 1387 734 historicis
1419 695 1553 734 rebus
1581 694 1759 735 victoris
1791 702 1992 748 repetere
2023 699 2232 738 studebat
2263 700 2344 739 sed
2367 699 2521 740 omnia

88 764 267 804 omnino
295 764 490 816 mythica
515 765 571 803 ad
592 765 805 803 victorem
837 763 1009 804 referre.
1070 764 1203 804 Adeo
1226 764 1484 804 difficultate
1506 764 1569 804 rei
1593 764 1688 817 ipsa
1710 765 1951 805 doctissimi
1973 766 2054 805 viri
2084 767 2314 820 ingenium
2335 769 2516 809 videtur

89 833 356 873 concitatum
388 833 693 885 irritatumque
725 847 832 873 esse.
892 834 1047 886 Atque
1079 835 1163 874 hoc
1194 835 1289 887 ipso
1321 835 1594 874 irritamento
1627 834 1760 874 etiam
1792 835 1924 874 hodie
1955 836 2235 893 sagacissimi
2256 838 2339 877 viri
2361 839 2519 878 stimu-

88 903 246 948 lantur,
278 908 327 942 ut
357 916 445 941 non
477 903 690 942 desistant
721 903 944 949 Boeckhii,
977 903 1177 951 Dissenii,
1210 904 1444 951 Leutschii,
1470 904 1519 947 L.
1541 903 1774 944 Schmidtii
1807 905 2159 945 coniecturarum
2191 919 2428 947 numerum
2460 908 2520 947 de

88 972 263 1011 Pindari
293 973 424 1011 rebus
456 972 661 1024 mythicis
694 973 765 1012 vel
796 972 1011 1013 historicis
1039 974 1364 1026 propositarum
1396 974 1523 1014 novis
1550 987 1727 1028 augere.
1789 973 1882 1015 Sed
1911 975 2033 1014 haud
2063 975 2310 1027 proficiunt.
2373 975 2519 1030 Saga-

88 1041 265 1080 citatem
306 1042 528 1094 quandam
570 1042 804 1089 declarant,
846 1043 1022 1082 Pindari
1055 1045 1254 1083 carmina
1284 1058 1372 1084 non
1405 1044 1648 1096 expediunt
1678 1057 1824 1096 neque
1856 1057 2010 1084 eorum
2042 1044 2235 1085 fructum
2275 1044 2518 1085 faciliorem

86 1110 212 1149 nobis
243 1111 443 1153 reddunt.
506 1112 772 1164 Plerumque
805 1126 981 1152 summa
1012 1115 1215 1154 carminis
1248 1114 1468 1154 enucleari
1498 1120 1656 1166 potest,
1690 1114 1861 1153 etiamsi
1892 1128 1982 1154 non
2014 1115 2211 1168 contigit,
2243 1121 2293 1154 ut
2320 1114 2519 1155 efficeret

87 1180 183 1232 quis
214 1179 409 1220 fabulam
442 1182 645 1221 carminis
678 1182 803 1234 quasi
834 1182 1075 1236 imaginem
1108 1197 1254 1224 rerum
1287 1184 1464 1223 victoris
1498 1184 1876 1224 accuratissimam
1909 1197 2018 1224 esse.

226 1250 277 1289 In
309 1251 501 1291 carmine
533 1251 585 1290 N.
617 1250 699 1291 IX.
760 1252 938 1299 Dissen,
978 1253 1051 1306 qui
1083 1267 1238 1294 omnes
1277 1254 1523 1293 carminum
1555 1254 1819 1301 „sententias
1851 1255 2120 1294 cardinales‘⁴
2151 1255 2225 1294 vel
2256 1255 2313 1294 ad
2345 1252 2519 1304 ἀρετήν

86 1320 159 1359 vel
191 1320 247 1358 ad
279 1317 493 1369 εὐτυχίαν
525 1328 715 1369 revocat,
749 1336 862 1374 quae
895 1321 1032 1374 ἀρετή
1064 1325 1136 1363 vel
1177 1323 1361 1373 εὐτυχία
1402 1330 1478 1363 aut
1509 1323 1754 1376 simplicem
1787 1330 1864 1363 aut
1895 1324 2189 1376 compositam
2221 1323 2385 1363 efficiat
2416 1335 2516 1362 sen-

84 1389 267 1428 tentiam
301 1390 579 1437 cardinalem,
612 1391 715 1431 dicit
746 1390 999 1431 felicitatem
1034 1392 1207 1444 (ὅλβον)
1242 1391 1436 1432 Chromii
1467 1393 1646 1440 laudari,
1679 1393 1981 1433 commendari
2013 1393 2279 1433 modestiam
2311 1393 2516 1432 modera-

84 1458 352 1511 tionemque.
413 1460 490 1500 Ab
522 1462 605 1500 hac
628 1462 846 1501 sententia
877 1462 1086 1501 cardinali
1111 1460 1334 1513 profectus
1356 1462 1553 1502 fabulam
1576 1468 1810 1515 totumque
1834 1476 2015 1502 carmen
2041 1463 2357 1515 interpretatus
2383 1470 2463 1501 est.

222 1528 315 1568 Alii
346 1530 401 1568 ad
434 1543 654 1570 summam
687 1531 816 1570 huius
839 1531 1042 1570 carminis
1070 1531 1389 1583 exquirendam
1422 1546 1545 1572 more
1569 1546 1650 1572 suo
1676 1532 1891 1584 imprimis
1913 1532 2110 1572 fabulam
2144 1533 2275 1584 (quae
2296 1543 2514 1585 magnam

83 1598 286 1638 carminis
318 1605 490 1650 partem
524 1599 674 1651 efficit)
708 1601 1100 1640 consideraverunt
1131 1615 1266 1653 quam
1308 1602 1637 1642 accuratissime
1679 1602 1860 1654 eiusqne
1901 1602 2117 1642 rationem
2160 1615 2361 1649 omnem,
2402 1600 2520 1640 sicut

81 1666 168 1706 iam
201 1667 386 1707 Boeckh
417 1668 590 1716 fecerat,
633 1683 691 1709 ex
724 1669 917 1710 Chromii
948 1670 1222 1722 temporibus
1263 1660 1484 1723 rebusque
1524 1670 1774 1723 patefacere
1816 1679 1949 1724 atque
1981 1672 2198 1712 illustrare
2239 1672 2547 1711 studuerunt.>

222 1737 362 1777 Musis
395 1745 542 1778 autem
576 1739 790 1779 invocatis
827 1740 1112 1792 Chromiique
1143 1741 1328 1780 victoria
1360 1747 1711 1780 commemorata
1745 1741 1795 1780 N.
1817 1742 1901 1784 IX.
1933 1748 2066 1794 poeta
2096 1741 2283 1781 Adrasti
2313 1740 2514 1780 fabulam

81 1806 220 1846 tribus
252 1807 444 1859 strophis
475 1814 646 1855 tractat,
679 1809 752 1861 qui
780 1811 910 1849 heros
936 1809 1077 1862 Argis
1110 1811 1166 1849 ab
1188 1810 1465 1862 Amphiarao
1492 1811 1657 1850 eiectus
1685 1825 1854 1864 rexque
1876 1811 2187 1864 Sicyoniorum
2219 1810 2364 1850 factus
2385 1810 2517 1849 ludos

80 1874 312 1928 Sicyonios
343 1877 588 1925 instituerit,
621 1879 779 1918 deinde
802 1878 956 1932 Argos
988 1892 1193 1918 reversus
1216 1880 1461 1919 exercitum
1494 1880 1535 1919 in
1560 1881 1888 1932 expeditionem
1918 1880 2136 1920 infelicem
2160 1886 2316 1920 contra
2334 1880 2516 1919 Thebas

83 1958 183 1984 cum
215 1945 490 1998 Amphiarao
524 1948 741 1987 eduxerit:
774 1947 1032 2000 Sequuntur
1062 1961 1216 2000 preces
1241 1963 1321 2001 pro
1343 1949 1560 1989 Aetnaeis
1579 1950 1802 1990 adhibitae
1818 1951 2061 2002 laudesque
2085 1963 2186 1989 cum
2205 1949 2516 1990 Aetnaeorum

88 2020 182 2053 tum
201 2013 403 2062 Chromii,
431 2016 554 2056 cuius
585 2017 725 2056 virtus
756 2018 914 2057 bellica
946 2018 1079 2057 etiam
1112 2031 1213 2057 cum
1232 2019 1430 2059 Hectore
1462 2026 1756 2072 comparatur.
1818 2020 1994 2059 Laudes
2027 2027 2071 2059 et
2101 2020 2223 2072 ipsae
2255 2019 2389 2059 trium
2420 2019 2515 2058 fere

83 2085 363 2135 stropharum
395 2086 543 2125 locum
576 2086 787 2126 obtinent.
849 2087 965 2126 Tum
998 2094 1150 2127 monet
1180 2094 1314 2140 poeta
1334 2089 1526 2142 negotiis
1548 2090 1591 2128 in
1616 2090 1848 2129 iuventute
1874 2095 2052 2130 strenue
2077 2090 2280 2142 iusteque
2302 2087 2517 2128 confectis

83 2154 320 2193 succedere
345 2155 487 2194 solere
509 2156 552 2195 in
574 2162 802 2196 senectute
825 2157 1019 2209 quietem
1045 2171 1190 2209 neque
1216 2157 1346 2197 licere
1368 2158 1621 2198 hominibus
1651 2160 1834 2198 modum
1860 2159 2056 2198 transire.
2088 2158 2302 2198 Absolvit
2323 2158 2517 2209 denique

84 2235 262 2262 carmen
294 2224 350 2262 ad
382 2225 634 2264 convivium
667 2225 962 2278 incipiendum
995 2227 1236 2266 adhortans
1268 2241 1356 2279 quo
1389 2234 1433 2267 et
1464 2228 1559 2281 ipso
1592 2228 1786 2268 Chromii
1817 2228 2002 2269 victoria
2034 2228 2298 2275 celebretur,
2337 2227 2513 2279 sibique

83 2291 164 2343 ipsi
194 2306 455 2344 prosperum
489 2294 692 2333 carminis
724 2301 967 2346 cantusque
1001 2302 1211 2335 eventum
1246 2304 1475 2348 exoptans.

224 2361 318 2401 Nisi
356 2362 506 2401 fabula
547 2371 663 2402 esset
704 2364 758 2403 de
790 2364 988 2404 Adrasto
1030 2371 1073 2404 et
1104 2365 1381 2418 Amphiarao
1421 2374 1608 2413 narrata,
1651 2374 1968 2421 argumentum
2009 2381 2274 2419 summaque
2307 2365 2516 2406 carminis

83 2431 302 2470 sententia
332 2431 500 2471 facilius
533 2422 680 2472 essent
719 2433 995 2485 expedienda
1027 2440 1071 2473 et
1110 2448 1188 2486 per
1220 2449 1267 2475 se
1307 2437 1412 2475 satis
1452 2437 1695 2489 perspicua.
1776 2437 1866 2478 Sed
1905 2438 2056 2477 fabula
2095 2437 2239 2484 efficit,
2279 2443 2329 2476 ut
2367 2442 2516 2476 totum

84 2513 263 2540 carmen
294 2502 339 2540 in
361 2502 472 2541 duas
494 2510 641 2554 partes
664 2503 953 2556 disiungatur,
986 2517 1100 2555 quae
1126 2504 1267 2556 prima
1292 2506 1437 2557 specie
1459 2506 1571 2545 inter
1593 2520 1640 2545 se
1662 2520 1819 2558 parum
1845 2507 2079 2546 videantur
2099 2520 2255 2546 nexae.

227 2571 412 2610 Boeckh
443 2571 628 2611 Adrasti
661 2579 705 2612 et
734 2572 996 2625 Amphiarai
1037 2573 1332 2613 dissensiones
1364 2575 1621 2626 bellumque
1656 2576 1921 2615 Thebanum
1964 2577 2020 2615 ad
2059 2589 2130 2615 res
2172 2580 2364 2615 exeunte
2395 2585 2514 2612 anno

86 2638 154 2681 Ol.
189 2643 283 2690 76,4
317 2642 381 2692 (47
392 2655 412 2690 3
448 2655 484 2680 a.
517 2641 611 2693 Ch.)
645 2649 796 2696 gestas
829 2642 973 2682 refert.

225 2710 442 2750 Boeckhii
467 2712 805 2763 explicationem
829 2713 1032 2764 quamvis
1055 2719 1230 2752 acutam
1258 2726 1309 2752 ac
1327 2714 1574 2765 speciosam
1596 2715 1835 2766 reprobant
1858 2722 1901 2754 et
1917 2715 2080 2754 Dissen
2096 2721 2140 2754 et
2157 2713 2351 2753 Leutsch
2369 2718 2413 2752 et
2430 2712 2515 2752 alii.

226 2779 298 2819 Ac
329 2780 519 2831 primum
552 2781 729 2832 quidem
762 2782 921 2821 mirum
953 2796 1059 2821 sane
1090 2789 1166 2828 est,
1199 2783 1317 2833 quod
1342 2783 1524 2822 Boeckh
1556 2797 1626 2822 res
1658 2784 1877 2836 mythicas
1907 2798 2062 2824 omnes
2089 2784 2160 2823 vel
2183 2783 2240 2822 ad
2262 2782 2512 2822 Hieronem

87 2849 158 2888 vel
190 2850 246 2888 ad
278 2849 528 2889 Theronem
560 2851 812 2891 referendas
844 2865 940 2891 esse
973 2852 1153 2899 censuit,
1188 2865 1460 2903 quamquam
1493 2860 1652 2905 poetae
1685 2854 1880 2893 maxime
1913 2855 1968 2894 de
2001 2852 2209 2894 Chromio
2240 2852 2284 2891 in
2316 2852 2512 2892 carmine

86 2918 171 2957 hoc
204 2919 429 2971 agendum
462 2918 553 2959 fuit.
614 2920 771 2972 Neque
804 2921 918 2960 enim
952 2921 1122 2967 sufficit,
1155 2923 1274 2972 quod
1306 2922 1491 2961 Boeckh
1523 2923 1641 2969 dicit,
1676 2922 1932 2962 Chromium
1964 2923 2008 2962 in
2038 2922 2328 2974 Thrasydaeo
2359 2920 2512 2960 devin-

89 2988 228 3026 cendo
269 2987 453 3027 Hieroni
499 3001 677 3040 operam
724 2990 1011 3041 praestitisse,
1063 3003 1197 3041 quam
1244 2991 1474 3030 victoriam
1522 3006 1546 3031 e
1583 2993 1890 3045 Thrasydaeo,
1947 2998 1997 3031 ut
2043 3005 2101 3030 ex
2141 2990 2323 3049 Graecis
2360 2991 2514 3038 latam,

89 3068 152 3094 vs.
187 3070 206 3095 2
216 3070 236 3106 3
272 3070 366 3107 sqq.
398 3063 513 3096 tecte
545 3057 793 3111 significari.

230 3125 388 3165 Dissen
423 3126 571 3165 docuit
601 3140 683 3166 nec
713 3140 925 3178 personas
957 3142 1037 3168 nec
1063 3142 1133 3168 res
1160 3129 1462 3181 explicationis
1485 3143 1510 3168 a
1535 3129 1764 3169 Boeckhio
1789 3129 2041 3182 propositae
2063 3130 2309 3169 consentire
2335 3129 2513 3170 fabulae

93 3207 118 3232 a
149 3194 338 3234 Pindaro
370 3201 582 3234 narratae.
644 3196 817 3235 Rerum
850 3211 955 3236 vero
986 3198 1201 3236 rationem
1241 3212 1266 3236 a
1298 3198 1523 3237 Boeckhio
1564 3199 1834 3250 propositam
1877 3199 2021 3238 minus
2055 3199 2289 3239 convenire
2321 3199 2509 3245 fabulae,

93 3264 211 3314 quod
243 3263 381 3303 Hiero
407 3270 451 3302 et
473 3264 618 3304 Thero
650 3278 738 3304 non
766 3266 931 3305 bellum
954 3267 1177 3318 quoddam
1201 3280 1447 3313 commune,
1480 3267 1592 3307 sicut
1613 3267 1837 3307 Adrastus
1863 3274 1907 3308 et
1928 3268 2240 3321 Amphiaraus,
2267 3268 2513 3322 gessissent

93 3332 173 3370 sed
197 3332 400 3372 Therone
432 3339 607 3373 mortuo
639 3334 777 3374 Hiero
810 3349 910 3375 cum
944 3336 1231 3388 Thrasydaeo
1267 3342 1523 3388 pugnasset.

236 3401 560 3444 Gravissimum
593 3410 741 3443 autem
773 3406 857 3444 hoc
889 3412 956 3445 est
986 3412 1274 3452 momentum,
1307 3406 1426 3457 quod
1458 3418 1515 3445 ex
1547 3405 1760 3446 Boeckhii
1790 3407 1959 3447 ratione
1991 3407 2141 3447 fabula
2179 3407 2240 3446 ita
2280 3405 2511 3456 explanari

94 3481 183 3508 non
214 3476 370 3522 potest,
402 3478 452 3511 ut
484 3472 685 3512 concinat
716 3486 816 3512 cum
849 3480 1114 3527 argumento
1146 3481 1392 3514 ceterarum
1424 3475 1627 3515 carminis
1658 3476 1870 3528 partium:
1901 3477 2076 3516 Laudes
2105 3473 2298 3515 Chromii
2327 3473 2513 3514 bellicas
