2740 3755
1443 328 1492 368 11

246 462 390 502 inesse
421 461 597 501 fabulae
629 459 733 500 dicit
765 460 961 500 Boeckh.
1022 459 1113 501 Sed
1150 460 1192 500 in
1224 461 1430 501 universa
1460 462 1645 502 Adrasti
1684 461 1833 502 fabula
1873 463 1950 503 vix
1981 463 2233 516 quisquam,
2273 464 2349 517 qui
2389 478 2566 505 carmen
2597 466 2670 505 vel

246 532 398 572 audiat
419 531 491 571 vel
522 531 655 583 legat,
678 529 872 569 Chromii
894 530 1046 569 laudes
1067 530 1211 570 inesse
1231 531 1413 571 bellicas
1434 531 1560 571 facile
1582 532 1663 572 sibi
1685 533 1977 584 persuadebit,
1999 534 2257 586 praesertim
2289 547 2391 574 curn
2414 534 2670 575 Chromium

244 614 389 654 neque
421 599 621 640 Adrasto
653 612 797 651 neque
828 598 1105 651 Amphiarao
1136 602 1485 652 comparandum
1518 614 1614 641 esse
1645 601 1739 654 ipse
1770 602 1956 642 Boeckh
1987 603 2263 643 concesserit.

386 669 471 710 His
513 670 568 709 de
609 668 752 709 causis
792 668 953 708 Dissen
993 668 1123 708 aliam
1164 670 1393 722 proposuit
1435 669 1610 711 fabulae
1652 671 1939 723 explicandae
1979 672 2211 715 rationem.
2289 672 2362 713 Ac
2401 674 2666 714 sententiam

242 739 422 793 quidem
454 739 687 779 universae
717 737 893 778 fabulae
924 737 1168 778 subiectam
1199 739 1391 791 primum
1423 746 1639 792 spectans.
1671 740 1828 781 deinde
1859 740 2056 781 fabulam
2096 755 2357 795 comparans
2389 756 2491 783 cum
2523 757 2669 796 „prae-

242 809 491 856 sentibus“‚
532 821 643 861 quas
684 807 805 854 dicit,
846 807 1050 847 carminis
1090 809 1241 856 rebus,
1282 808 1467 849 Adrasti
1505 808 1656 850 fabula
1694 816 1872 862 poetam
1917 811 2138 851 deterrere
2178 811 2370 852 voluisse
2411 811 2669 853 Chromium

241 878 553 933 principesque
574 876 890 930 Syracusanos
922 890 977 916 ne
1008 890 1126 917 nova
1151 878 1410 918 molirentur
1430 880 1556 926 bella,
1582 879 1664 919 sibi
1688 881 1937 932 persuadet.
1997 880 2057 920 Et
2077 880 2321 921 Hieronem
2343 887 2387 922 et
2408 881 2664 922 Chromium

240 949 330 989 iam
365 960 588 988 summam
620 952 846 987 assecutos
879 959 976 986 esse
1009 946 1196 1001 gloriam
1229 947 1443 988 bellicam.
1505 948 1617 989 Cum
1650 949 1793 1003 gloria
1823 955 1973 989 autem
2005 963 2056 990 ac
2084 951 2281 1002 potentia
2302 951 2493 992 crevisse
2514 964 2667 992 eorum

241 1017 530 1059 ambitionem
563 1029 615 1056 ac
645 1029 790 1056 novae
822 1016 990 1070 gloriae
1022 1016 1283 1069 cupidinem.
2454 1014 2457 1015 ⁷

383 1086 453 1127 Ut
484 1086 577 1126 aliis
609 1086 876 1126 carminibus
907 1085 1076 1134 multis,
1118 1086 1179 1126 ita
1217 1094 1368 1127 nostro
1407 1100 1583 1140 quoque
1623 1087 1925 1127 commendari
1964 1088 2315 1129 moderationem
2346 1089 2449 1130 viris
2490 1102 2667 1130 summa

237 1156 405 1196 virtute
461 1168 726 1208 summaque
775 1156 906 1196 laude
954 1156 1059 1195 belli
1105 1146 1362 1211 insignibus
1442 1156 1742 1196 Insatiabilem
1792 1156 1960 1210 gloriae
2007 1157 2263 1199 aviditatem
2309 1159 2537 1212 displicere
2576 1159 2668 1199 diis.

239 1225 373 1266 Hanc
406 1224 672 1265 sententiam
704 1224 848 1264 inesse
887 1224 932 1264 in
970 1224 1123 1265 fabula
1162 1226 1217 1265 de
1248 1226 1433 1265 Adrasti
1473 1226 1782 1278 exercitusque
1813 1226 1978 1280 Argivi
2017 1226 2194 1267 interitu
2233 1235 2421 1271 narrata.
2492 1228 2593 1281 Qua
2623 1229 2668 1269 in

237 1294 489 1335 narratione
524 1294 759 1334 nonnullas
790 1306 871 1340 res,
904 1300 953 1333 ut
983 1293 1104 1334 litem
1137 1294 1250 1335 inter
1280 1294 1528 1335 Adrastum
1562 1302 1606 1336 et
1636 1295 1963 1348 Amphiaraum
1996 1302 2218 1344 exortam,
2259 1311 2404 1350 neque
2443 1299 2501 1338 ad
2532 1297 2667 1339 Chro-

238 1364 377 1405 mium
410 1377 558 1416 neque
590 1363 647 1402 ad
678 1362 921 1403 Hieronem
953 1362 1171 1415 pertinere
1203 1365 1281 1404 sed
1313 1366 1369 1404 ad
1400 1365 1697 1405 necessarium
1729 1365 1936 1405 historiae
1967 1365 2175 1407 fabularis
2206 1380 2387 1410 nexum.

382 1432 483 1486 Qua
515 1433 560 1472 in
590 1432 781 1472 Dissenii
811 1432 1172 1485 interpretatione
1203 1434 1400 1474 Leutsch
1440 1435 1525 1474 hoc
1565 1435 1864 1487 reprehendit,
1905 1436 2025 1487 quod
2056 1437 2194 1476 altera
2233 1436 2409 1477 fabulae
2438 1450 2541 1490 pars
2572 1439 2668 1478 sola

236 1502 517 1556 respiciatur;
548 1502 642 1555 ipse
673 1507 822 1542 autem
855 1501 1107 1543 universam
1139 1503 1335 1544 fabulam
1364 1504 1421 1544 ad
1442 1504 1570 1544 unius
1593 1503 1787 1544 Chromii
1811 1518 1880 1544 res
1903 1511 2095 1545 revocat.
2156 1505 2363 1546 Chromio
2385 1520 2464 1559 per
2484 1520 2664 1547 omnem

235 1574 377 1614 vitam
409 1574 577 1613 multos
608 1571 884 1612 adversarios
915 1571 1066 1612 fuisse:
1106 1572 1151 1613 id
1183 1586 1240 1613 ex
1271 1587 1448 1613 summa
1486 1573 1568 1613 viri
1607 1574 1823 1627 dignitate
1863 1588 2007 1627 neque
2047 1575 2192 1616 minus
2234 1590 2258 1616 e
2297 1589 2444 1616 rerum
2476 1575 2666 1629 Syracu-

235 1656 444 1684 sanarum
481 1641 738 1682 condicione
768 1640 895 1681 facile
927 1642 1075 1696 colligi
1105 1656 1247 1694 posse,
1278 1650 1508 1695 praeterea
1537 1643 1641 1696 ipsis
1673 1643 1850 1683 Pindari
1880 1644 2027 1684 verbis
2070 1645 2358 1698 comprobari.
2421 1644 2492 1699 (N.
2524 1645 2556 1688 I.
2591 1659 2664 1697 24:

233 1711 425 1763 λέλογχε
456 1708 503 1749 δὲ
533 1711 833 1762 μεμφομένοις
864 1710 1020 1750 ἐσλούς
1057 1707 1187 1760 ὕδωρ
1218 1710 1382 1762 καπνῷ
1411 1712 1564 1762 φέρειν
1595 1710 1749 1751 ἀντίον
1780 1712 1892 1767 κτλ.)
1954 1713 2024 1754 Ita
2062 1713 2158 1754 fieri
2188 1715 2403 1767 potuisse,
2442 1721 2492 1755 ut
2523 1714 2658 1755 Chro-

234 1780 350 1821 mius
382 1781 652 1834 aliquamdiu
685 1780 830 1834 gratia
862 1780 1068 1820 Hieronis
1109 1781 1271 1821 amissa
1310 1782 1622 1822 demoveretur
1662 1795 1688 1821 a
1718 1781 1903 1834 publicis
1935 1783 2144 1836 negotiis,
2175 1785 2309 1834 paulo
2339 1790 2441 1837 post
2470 1785 2544 1824 vel
2584 1798 2664 1825 sua

233 1850 370 1903 ipsius
402 1850 638 1903 prudentia
669 1851 741 1890 vel
772 1849 1013 1897 Aristonoi,
1045 1851 1196 1890 uxoris
1227 1850 1382 1898 fratris,
1415 1851 1579 1891 auxilio
1613 1853 1759 1903 (schol.
1791 1852 1844 1891 N.
1875 1852 1969 1899 IX„
2003 1853 2084 1904 95.)
2115 1866 2266 1893 rursus
2296 1853 2488 1906 primurn
2521 1853 2663 1907 digni-

233 1920 338 1960 tatis
370 1926 510 1972 atque
541 1919 721 1959 honoris
752 1925 1097 1972 consequeretur
1128 1921 1329 1973 gradum.
1392 1920 1523 1962 Hanc
1556 1927 1704 1961 autem
1726 1934 1874 1961 rerum
1897 1921 2187 1962 mutationem
2208 1928 2387 1975 poetam
2408 1922 2656 1975 respexisse

233 1989 375 2029 videri
423 2002 510 2029 vss.
561 2001 739 2039 11—17.
815 1987 1021 2028 Alteram
1064 1987 1240 2028 fabulae
1284 1996 1456 2041 partem
1502 1991 1707 2045 (18—27)
1751 1991 1946 2030 Leutsch
1989 2004 2089 2030 cum
2132 1990 2336 2031 Dissenio
2379 1993 2436 2031 ad
2479 1992 2660 2032 consilia

233 2060 454 2112 quaedam
478 2057 635 2097 bellica
655 2057 800 2103 refert,
812 2070 925 2110 quae
943 2056 1198 2097 Chromium
1218 2058 1479 2099 meditatum
1503 2072 1599 2099 esse
1621 2072 1723 2099 cum
1746 2058 1950 2099 affinibus
1981 2059 2070 2100 suis
2093 2060 2261 2103 conicit.
2306 2060 2466 2101 Verbis
2492 2062 2540 2101 ἐν
2567 2061 2664 2114 γὰρ

237 2127 505 2179 δαιμονίοισι
547 2125 730 2180 φόβοισι
769 2125 985 2180 φεύγοντι
1022 2130 1099 2166 καὶ
1137 2128 1295 2166 παῖδες
1333 2131 1454 2169 θεῶν
1494 2129 1663 2168 moneri
1701 2128 1926 2176 victorem,
1966 2142 2022 2168 ne
2053 2129 2182 2169 nimis
2222 2129 2460 2170 confideret
2499 2130 2664 2171 viribus

233 2195 325 2235 suis
367 2196 576 2249 quamvis
616 2195 834 2236 maximis.
904 2195 1112 2235 Fortasse
1150 2195 1406 2237 Chromium
1449 2205 1706 2250 ceterosque
1746 2198 1963 2251 principes
1994 2197 2298 2252 Syracusanos
2339 2206 2492 2240 contra
2522 2199 2662 2240 Acra-

235 2271 420 2320 gantem
465 2271 510 2306 et
542 2265 776 2305 Himeram
815 2265 983 2305 bellum
1024 2264 1201 2305 molitos
1242 2279 1357 2314 esse,
1398 2268 1557 2320 quibus
1596 2267 1779 2307 urbibus
1806 2267 2005 2315 Graecis,
2046 2275 2096 2308 ut
2132 2275 2381 2321 parcerent,
2421 2269 2662 2309 Pindarum

233 2333 428 2374 voluisse
460 2335 653 2375 carmine
684 2348 765 2374 suo
798 2333 984 2374 efficere.

379 2403 587 2444 Fortasse
619 2403 751 2444 etiam
784 2417 921 2444 unum
954 2418 1013 2445 ex
1039 2404 1233 2445 Chromii
1263 2405 1518 2458 propinquis
1541 2405 1866 2459 (Aristonoum)
1898 2407 2028 2455 idern,
2055 2409 2174 2460 quod
2196 2408 2446 2455 Pindarum,
2472 2407 2661 2448 sensisse

232 2485 288 2511 ac
319 2472 487 2512 bellum
520 2479 674 2512 contra
706 2472 900 2513 Graecos
931 2473 1028 2514 illos
1054 2474 1380 2527 suscipiendum
1413 2475 1681 2522 dissuasisse,
1719 2489 1776 2515 ne
1807 2475 1937 2515 unius
1962 2476 2043 2516 viri
2074 2477 2255 2516 ambitio
2285 2477 2489 2529 perderet
2519 2482 2660 2516 totam

233 2547 437 2595 gentem.
497 2541 565 2581 Ita
607 2542 738 2582 etiam
780 2543 836 2582 de
866 2542 1130 2596 Amphiarai
1168 2556 1356 2595 persona
1396 2543 1439 2583 in
1480 2544 1675 2584 fabulam
1716 2545 1879 2585 inserta
1920 2545 2046 2586 facile
2076 2559 2207 2598 posse
2239 2546 2386 2587 conici.
2447 2545 2661 2586 Concedit

234 2610 414 2662 quidem
458 2611 526 2651 vir
566 2611 846 2652 doctissimus
885 2612 978 2664 ipse
1018 2614 1133 2653 hanc
1172 2625 1300 2652 suam
1339 2612 1515 2654 fabulae
1557 2615 1914 2667 explanationem
1963 2629 2143 2667 prorsus
2188 2616 2232 2656 in
2274 2615 2523 2656 coniectura
2562 2628 2661 2655 esse

233 2680 451 2733 positam;
507 2682 585 2721 sed
632 2682 929 2722 coniecturam
977 2696 1103 2722 suam
1161 2682 1264 2722 dicit
1310 2683 1476 2734 optime
1522 2684 1800 2736 comprobari
1855 2683 2193 2737 confirmarique
2248 2684 2401 2737 reliqui
2455 2684 2658 2724 carminis

234 2758 515 2803 argumento.
577 2750 668 2792 Sed
714 2751 929 2791 eiusmodi
975 2751 1252 2791 coniecturae
1299 2765 1400 2791 cum
1448 2753 1690 2793 admodum
1737 2753 1929 2793 incertae
1972 2760 2068 2793 tum
2114 2767 2204 2794 non
2249 2753 2520 2794 necessariae
2559 2767 2659 2793 esse

236 2818 444 2859 videntur
474 2821 531 2860 ad
561 2821 966 2873 interpretationem
1000 2821 1216 2861 carminis.

378 2889 551 2930 Fabula
591 2891 646 2930 de
686 2890 872 2929 Adrasti
911 2897 1029 2930 sorte
1069 2891 1212 2942 deque
1254 2891 1474 2930 exercitus
1505 2890 1669 2944 Argivi
1707 2891 1886 2932 interitu
1926 2898 2104 2932 narrata
2143 2893 2257 2932 hanc
2296 2891 2422 2931 nobis
2462 2891 2658 2930 maxime

233 2958 500 2998 sententiam
540 2966 674 3012 poeta
715 2966 816 2999 ante
857 2961 1008 2999 oculos
1047 2960 1190 3013 ponit:
1236 2960 1378 3013 puniri
1409 2974 1435 3000 a
1475 2961 1554 3001 diis
1595 2961 1847 3013 superbiam
1887 2963 2148 3009 humanam,
2190 2962 2322 3001 etiam
2362 2960 2656 3000 nobilissimos

233 3024 392 3065 heroas
423 3028 698 3080 deorumque
729 3027 841 3068 filios
872 3029 1056 3080 perisse,
1106 3029 1143 3068 si
1174 3029 1278 3080 quid
1317 3030 1451 3069 nimia
1490 3044 1591 3070 cum
1624 3031 1864 3070 ambitione
1902 3031 1982 3070 diis
2015 3031 2160 3070 invitis
2191 3037 2361 3071 tentare
2391 3028 2657 3068 studuerint:

234 3095 283 3134 ἐν
304 3093 399 3146 γάρ
418 3097 679 3138 δαιμονίοισι
695 3100 788 3137 κτλ.
831 3097 963 3149 Quod
985 3098 1179 3152 elogium
1203 3099 1418 3151 exemplis
1434 3099 1618 3139 Adrasti
1635 3106 1678 3139 et
1689 3100 1950 3152 Amphiarai
1973 3100 2137 3152 optime
2161 3100 2425 3139 illustratum
2442 3097 2656 3136 videmus.

233 3161 315 3202 Ille
336 3161 477 3216 Argis
509 3166 661 3215 pulsus
693 3172 844 3207 tamen
874 3181 956 3207 rex
978 3174 1073 3207 erat
1103 3167 1412 3215 nobilissimus,
1445 3168 1519 3220 qui
1544 3168 1735 3221 Sicyone
1766 3169 1892 3208 novis
1925 3169 2078 3209 diebus
2109 3167 2231 3208 festis
2257 3165 2656 3217 certaminibusque

232 3230 410 3270 ludicris
451 3233 635 3273 conditis
675 3235 719 3274 in
757 3236 852 3288 ipso
893 3236 1024 3276 exilio
1064 3236 1146 3276 sibi
1192 3236 1379 3289 gloriam
1428 3237 1649 3288 paraverit
1688 3238 1809 3277 haud
1847 3250 2042 3289 parvam.
2120 3237 2257 3276 Haud
2286 3235 2346 3274 ita
2383 3234 2522 3273 multo
2554 3240 2656 3285 post

232 3301 467 3353 prudentia
497 3314 578 3341 sua
601 3302 754 3350 effecit,
784 3311 834 3343 ut
854 3304 1008 3358 Argos
1039 3305 1201 3345 rediret
1222 3318 1274 3345 ac
1294 3318 1445 3344 rursus
1466 3305 1592 3345 fieret
1617 3319 1731 3345 unus
1758 3319 1782 3345 e
1802 3305 2117 3358 potentissimis
2137 3303 2404 3357 principibus
2431 3301 2656 3344 Graeciae.

232 3368 304 3408 Ita
335 3375 485 3409 autem
525 3369 569 3409 in
600 3383 825 3410 summum
859 3372 1087 3426 fastigium
1129 3373 1297 3427 gloriae
1338 3386 1390 3413 ac
1427 3373 1650 3425 potentiae
1691 3380 1942 3414 emerserat.
2008 3373 2164 3425 Neque
2204 3379 2354 3412 tamen
2393 3371 2482 3411 suis
2522 3372 2659 3411 rebus
